4224 5558
182 363 381 442 ’.4

355 543 471 611 putant
487 552 522 595 ac
537 535 651 594 hahere
666 535 788 610 mucor,
807 536 837 592 ai
850 549 915 592 raom
933 536 1040 594 multia
1054 535 1214 594 cocuhulir
1232 537 1403 596 retrudunt
1423 535 1569 608 macco,
1593 551 1665 594 αιιιι
1682 544 1792 596 cocant
1807 553 1891 612 pcr-

356 652 509 710 ticulutim
527 651 597 706 locu
618 642 850 726 roccamaura,
869 642 1084 724 παλαίστραν
1098 654 1159 708 cot.

432 778 472 841 C.
485 777 535 842 32.
555 767 668 853 Itaque
678 783 835 853 potionem
847 783 977 853 poposci
980 796 992 852 ,·
1007 783 1229 853 poruticcimuc
1242 796 1324 854 pttcr
1335 797 1399 840 nora
1411 785 1514 840 numm
1528 795 1577 840 ute
1592 785 1681 839 ccicc
1695 785 1816 841 cuuttcc
1830 799 1893 841 cco-

357 891 468 971 cepta]
488 889 569 954 Cum
587 907 680 954 nomo
701 888 878 970 intelligere
897 900 1010 970 posset
1033 889 1115 952 banc
1137 869 1398 971 comparationem
1425 910 1489 953 uon
1515 898 1618 952 matur
1644 898 1733 952 coldo
1756 897 1893 968 cantico,

357 1006 554 1070 coniecturas
573 1004 714 1068 certatim
731 1001 933 1084 proiudonmt
950 1020 1013 1067 noc
1025 991 1130 1066 tamen
1148 1022 1216 1066 rcm
1231 1021 1292 1067 acu
1308 1005 1488 1086 tetigerunt
1508 1003 1629 1067 Verum
1649 1005 1688 1067 G.
1704 1007 1894 1087 corruptela:

357 1127 463 1196 hopue
483 1125 639 1194 potionem
656 1123 742 1193 poeti
756 1123 865 1192 poroti
878 1135 988 1178 memus
1002 1135 1085 1192 puer
1103 1116 1145 1178 ad
1163 1117 1226 1180 boc
1239 1117 1337 1180 veluti
1349 1135 1443 1180 manu
1464 1117 1564 1180 ducit:
1584 1119 1610 1172 h
1627 1124 1732 1194 doque
1741 1125 1898 1193 potionem

359 1251 474 1310 porcae
492 1235 641 1307 partomi,-
661 1263 698 1273 -
715 1235 937 1306 poroticemma
952 1238 1014 1293 cet
1053 1229 1176 1312 Posca,
1197 1247 1278 1312 aqua
1301 1248 1373 1292 cum
1391 1239 1483 1292 aceto
1511 1229 1627 1314 mixta,
1648 1231 1811 1292 utebantur
1841 1249 1897 1311 pro

361 1364 416 1429 aa,
436 1362 516 1426 quae
536 1361 620 1406 nunc
636 1342 725 1405 nobis
748 1341 889 1405 usitatior
908 1352 973 1424 cst,
993 1361 1077 1418 opuo
1097 1348 1263 1419 hilarium,
1284 1349 1461 1404 monade.
1499 1342 1557 1405 Sic
1572 1343 1688 1422 optime
1707 1361 1771 1403 nou
1796 1349 1899 1404 minue

362 1463 487 1518 acidum
508 1463 663 1518 matteum
686 1455 763 1518 dixit
783 1473 874 1538 quam
892 1474 1021 1532 porcum
1037 1455 1129 1517 illam.

440 1588 479 1653 G.
497 1589 549 1664 34.
587 1586 788 1667 Cl'rimalcb.)
807 1591 968 1666 Aequum,
992 1594 1108 1666 iuquit,
1133 1594 1225 1649 Mora
1246 1599 1347 1650 amat:
1376 1589 1552 1670 (Encolp.)
1571 1596 1679 1666 itacuc
1701 1596 1794 1649 tuerit
1811 1607 1901 1648 auom

371 1709 484 1780 cuique
509 1720 648 1764 mcmaom
670 1707 841 1778 teacriprmri,¹
871 1705 968 1763 obiter
995 1708 1058 1762 ott:
1087 1702 1286 1780 (Trimalcb.)
1304 1708 1514 1778 poedtdteatmi
1540 1709 1624 1763 cerci
1648 1709 1797 1764 minorem
1815 1704 1902 1761 motio

344 1794 484 1878 'uectum
507 1820 630 1876 euhloto
657 1818 839 1892 frequentia
863 1813 1005 1892 sociem]
1024 1815 1123 1876 'l'otus
1146 1815 1236 1877 locus
1260 1833 1278 1875 a
1306 1813 1344 1877 C.
1365 1815 1410 1877 ita
1438 1814 1689 1878 constituendus:
1719 1859 1738 1891 „
1748 1818 1900 1890 Aequum,

363 1935 481 2006 iuquit,
508 1935 600 1990 Mure
618 1937 719 1988 cmct:
744 1929 873 2005 (itaque
893 1931 986 1987 tuerit
1007 1945 1097 1988 auum
1119 1935 1232 2005 cuique
1253 1946 1391 1988 mntem
1413 1928 1631 2003 mennam).-
1661 1930 1758 1987 ohiter
1776 1937 1808 1987 ct
1822 1947 1903 2003 pce-

366 2049 517 2103 dielieaimi
547 2047 632 2100 acroi
662 2044 812 2100 mucorem
843 2043 931 2100 nobie
960 2050 1080 2101 uectum
1102 2044 1282 2118 frequentin
1313 2060 1373 2100 cuo
1404 2040 1489 2122 (qua
1508 2059 1591 2102 nuno
1615 2039 1751 2118 adsunt)
1775 2043 1904 2113 socient.

365 2155 487 2217 Eodem
503 2170 634 2233 prorsus
653 2152 745 2215 modo
760 2153 797 2216 C.
817 2153 869 2217 38
886 2157 983 2214 obiter
1003 2164 1033 2213 et
1046 2153 1154 2232 (abuul
1173 2152 1283 2232 otiam)
1299 2159 1487 2215 ccrmcculce
1506 2172 1588 2230 puue
1601 2162 1690 2231 aunt,
1704 2157 1906 2213 meliusculae

368 2289 388 2326 o
415 2271 580 2328 Graeculis
604 2268 689 2339 flent.
709 2301 745 2311 -
767 2277 797 2328 et
815 2267 1072 2344 accuratissime]
1094 2268 1119 2320 b
1139 2278 1170 2327 et
1188 2273 1384 2328 curatiooimc
1400 2266 1438 2329 C.

448 2418 485 2481 C.
501 2419 552 2482 85.
593 2437 689 2494 super
717 2423 944 2494 Capricornum
972 2423 1124 2478 locustum
1145 2418 1321 2495 maurinom]
1346 2418 1403 2480 Sic
1424 2418 1577 2479 Tornaes.
1605 2417 1738 2479 Bciske.
1772 2415 1839 2478 Sed
1868 2414 1907 2477 C.

369 2551 466 2608 cuper
484 2538 721 2610 capricornum,
744 2539 777 2592 ira
798 2551 858 2608 uuo
882 2549 1003 2592 cornua
1020 2541 1129 2609 erum,
1148 2535 1300 2591 locuatcm
1321 2548 1370 2608 m,
1391 2529 1442 2592 ubi
1461 2530 1535 2591 nibil
1554 2529 1720 2590 delendum
1739 2529 1800 2590 nisi
1811 2546 1907 2608 prae-

360 2646 482 2726 positio
507 2652 554 2720 in,
585 2653 693 2706 ortae
722 2644 933 2724 geminatione
959 2643 1101 2725 syllabae
1128 2643 1360 2723 praecedentis.
1392 2644 1424 2705 id
1446 2651 1510 2705 cst:
1531 2663 1591 2727 „eo
1612 2646 1700 2725 loco,
1719 2643 1770 2703 ubi
1792 2658 1910 2705 cornua

372 2760 489 2828 eraut.”
500 2793 538 2805 -
557 2765 625 2818 Noa
642 2767 679 2817 ut
691 2763 845 2816 tristiores
863 2764 906 2816 αα
917 2767 980 2816 tum
992 2761 1068 2815 cilce
1081 2763 1269 2816 accessimus
1287 2761 1370 2817 cibor
1384 2757 1453 2838 (qui
1473 2758 1513 2817 ad
1531 2755 1736 2818 ludificandos
1754 2755 1909 2818 convivas

370 2871 504 2951 appositi
528 2870 647 2946 aranu)
669 2875 811 2946 Suadeo,
834 2875 936 2944 moon
953 2873 1153 2946 Trimalchio,
1174 2887 1356 2929 coemerunt:
1379 2874 1437 2930 hoc
1459 2881 1506 2930 cet
1524 2875 1574 2929 iun
1597 2866 1909 2946 coenae.]1nsulsus

371 2985 462 3046 iocus
483 2983 683 3045 coniecturae
705 2989 821 3043 tantum
844 2980 983 3042 debetur.
1002 2985 1060 3041 hoc
1088 2991 1135 3041 cat
1160 2987 1193 3041 in
1218 3001 1292 3042 cette
1311 2981 1365 3066 C.,
1384 2983 1468 3062 quod
1493 2984 1577 3045 ducit
1596 2981 1636 3042 ad
1664 2981 1768 3041 aliam:
1789 2985 1848 3040 hoc
1866 2990 1912 3066 eat

373 3102 539 3172 encoenia,
570 3112 673 3156 novus
697 3094 795 3156 veluti
824 3103 915 3157 actus
942 3094 1036 3156 totiue
1061 3111 1198 3172 coenae,
1228 3095 1297 3155 eius
1328 3093 1524 3173 instauratio,
1554 3092 1659 3176 idem,
1689 3093 1771 3174 qnod
1799 3092 1836 3155 C.
1860 3091 1912 3155 86.

373 3213 559 3270 methodium
581 3209 631 3284 (nt
653 3217 704 3267 cst
722 3209 753 3268 in
780 3207 836 3291 C.,
857 3227 918 3269 non
936 3213 1110 3267 methodum
1130 3207 1224 3286 Bip.)
1255 3215 1359 3269 vocat.
1400 3207 1504 3285 Syrus
1529 3205 1622 3266 utitur
1648 3205 1801 3268 vocabulo
1831 3204 1912 3285 apud

377 3318 511 3381 ludaeos
532 3318 659 3382 Graece
681 3320 846 3399 loquentes
866 3322 989 3402 usitato,
1010 3318 1092 3399 quod
1111 3319 1266 3398 paullatim
1285 3317 1406 3379 transiit
1425 3318 1455 3378 in
1479 3317 1738 3380 cousuetudinem
1755 3319 1912 3398 Latinam,

376 3449 479 3513 ucquc
510 3431 653 3493 abhorret
680 3430 719 3491 ab
746 3433 815 3492 eius
836 3432 1001 3494 [latinitate
1024 3435 1083 3492 hoc
1102 3441 1148 3491 cat
1167 3437 1335 3508 emcucutu,
1354 3447 1411 3508 pro
1430 3433 1507 3490 hoec
1525 3442 1601 3492 eunt
1623 3438 1780 3491 encoenia.

453 3562 491 3625 C.
509 3561 560 3625 at.
601 3567 677 3624 hoco
700 3561 865 3639 cupatrio]
888 3565 965 3622 hoec
985 3569 1122 3638 tupotrtc
1140 3561 1178 3624 C.
1203 3563 1229 3615 h
1248 3567 1374 3637 lupario
1395 3561 1573 3641 suspicatur
1592 3561 1801 3624 nmtmeuus.

453 3693 491 3754 C.
511 3692 563 3756 38.
603 3701 707 3754 omnio
729 3701 811 3754 dorm
831 3705 1027 3754 uoccuutur:
1051 3699 1144 3772 lano,
1166 3713 1276 3771 cerac,
1306 3694 1418 3771 piper]
1441 3713 1533 3754 ceroe
1554 3701 1667 3754 estex
1692 3694 1816 3755 Heinsii
1835 3695 1916 3755 coni.

380 3807 473 3872 nimia
490 3805 582 3868 facili.
604 3805 642 3866 C.
662 3807 745 3866 enim
769 3814 907 3868 credrae.
948 3806 1045 3870 lucidi
1068 3807 1100 3868 iu
1125 3811 1248 3882 cedrio,
1270 3823 1351 3885 quae
1380 3816 1431 3868 cst
1447 3809 1502 3888 pix
1521 3823 1660 3866 nascent
1686 3822 1728 3866 ex
1755 3806 1860 3868 cedro.
1880 3841 1918 3850 -

377 3927 462 3981 Scito
486 3930 604 3993 nutem,
638 3926 721 3980 cocio
740 3937 812 3979 cum
834 3925 897 3980 olla
922 3925 1003 3980 mule
1023 3893 1128 3993 servm
1150 3929 1198 3995 ct,
1234 3922 1289 3978 uhi
1310 3924 1406 3978 eentel
1423 3936 1476 3978 ree
1495 3922 1646 3978 inclinato
1669 3930 1734 3996 cot,
1767 3924 1859 3977 onatci
1880 3926 1918 3977 dc

378 4038 485 4093 medic.
506 4031 721 4112 (Encolpius.)
749 4039 790 4093 Et
809 4050 903 4110 quom
919 4036 1079 4092 humectum
1099 4037 1336 4106 nepotinttcucm
1358 4037 1518 4106 coercuit,
1543 4038 1628 4107 puori
1645 4037 1732 4090 illum
1753 4037 1798 4090 etc
1811 4031 1919 4091 oideol

371 4137 580 4230 ,(Cont'⁷iva.)
612 4151 711 4222 hicce,
746 4149 934 4205 libittnortuc
958 4145 1053 4223 neit]
1079 4144 1184 4205 Primo
1211 4142 1436 4206 restituendum
1460 4161 1480 4202 e
1508 4141 1546 4204 C.
1568 4151 1723 4203 coctorum
1748 4149 1810 4202 ollc
1840 4148 1920 4202 mctc

378 4262 482 4332 feruet
492 4303 500 4334 ,
523 4256 605 4339 quod
625 4254 825 4336 proverbium
841 4256 1013 4339 significat:
1035 4256 1252 4340 „saepissime
1270 4274 1290 4319 a
1305 4257 1403 4320 sociis
1419 4257 1546 4341 nostris,
1567 4255 1678 4339 quibus
1691 4254 1786 4316 fidem
1802 4255 1922 4317 tribuo·
1969 4269 1972 4278 ·

380 4370 491 4430 bamus
512 4379 544 4433 et
570 4369 756 4451 quibuscum
778 4369 881 4430 omnia
904 4370 1079 4433 communia
1101 4369 1309 4450 habebamus,
1329 4368 1500 4451 decipimur
1518 4387 1557 4432 ac
1576 4369 1779 4450 spoliamur.”
1799 4369 1922 4430 Deinde

380 4481 483 4543 omnia
502 4492 576 4543 sunt
591 4482 707 4566 garruli
722 4481 878 4544 convivae
895 4483 1002 4544 verba.
1025 4489 1066 4543 lit
1078 4501 1172 4557 ouum
1190 4493 1241 4546 cst
1256 4483 1459 4564 exclamatio,
1478 4501 1539 4545 non
1557 4482 1767 4562 iuterrogatio.
1787 4481 1869 4544 Dein
1884 4481 1922 4544 (l.

381 4601 466 4674 quod
491 4599 580 4654 illum
605 4603 651 4654 cic
673 4603 759 4656 celica
793 4615 854 4656 ecc
878 4599 1111 4669 libitinariucfi
1151 4597 1305 4659 Fortasse
1327 4597 1391 4674 leg.
1418 4606 1450 4659 ct
1480 4593 1748 4675 distinguendum:
1768 4601 1809 4655 itt
1830 4612 1923 4670 pacm
