4224 5558
1710 435 1733 511 5

196 611 360 671 maerim
379 609 616 684 mootiationem
646 603 810 669 caerem!
851 607 942 678 θυοδ
970 607 1058 665 mum
1084 606 1130 664 cic
1159 607 1245 666 uider
1273 607 1406 684 mitem,
1436 608 1623 670 libitinarios
1650 611 1733 686 tuitj

195 726 314 783 solebat
337 727 384 783 ric
405 739 556 799 merare,
576 727 727 797 memorio
752 738 814 780 rec
833 719 907 799 [per
927 734 1019 799 quam
1030 717 1182 780 luxuriam
1201 717 1242 780 ad
1259 717 1374 781 incitas
1396 720 1543 782 redactus
1563 721 1641 798 est).

268 833 305 897 C.
326 833 379 898 all.
418 839 557 895 Patrono
577 852 644 894 meo
664 831 738 894 osso
762 833 839 894 bene
858 833 1043 908 quiescerit!
1067 837 1124 908 qui
1136 849 1185 892 me
1205 836 1356 892 lorniaem
1377 837 1460 895 ittet
1482 837 1621 894 mmmm
1635 839 1734 895 coluit

194 962 270 1008 este.
310 953 392 1008 Nam
413 951 587 1008 mihimilli
608 953 682 1007 acci
698 956 801 1022 potest
818 946 949 1022 afferri:
974 951 1056 1005 sicot
1076 949 1129 1005 illc
1148 947 1304 1019 fericulus
1327 954 1430 1006 taren
1447 949 1555 1007 latuit
1574 947 1734 1026 prosim]

194 1057 251 1122 Sio
275 1059 373 1122 edunt
395 1059 435 1122 de
454 1056 608 1122 Gronovii
625 1060 815 1123 coniectura.
836 1059 874 1122 C.
892 1066 996 1120 autern
1016 1058 1145 1134 offerri:
1169 1064 1251 1118 sicut
1268 1063 1321 1118 ille
1337 1060 1527 1133 fericulusta
1547 1064 1610 1120 mel
1629 1064 1736 1120 latua

192 1187 241 1248 pr.
280 1171 346 1239 lom
364 1165 539 1246 fericulum
551 1183 713 1253 patronum
732 1189 851 1234 vocare
871 1169 944 1239 nihil
963 1169 1127 1253 attinebat,
1158 1179 1190 1234 et
1208 1179 1272 1233 tota
1292 1173 1449 1234 sententia
1467 1171 1601 1236 obscure
1620 1183 1735 1235 manet

196 1279 305 1362 Ouidi
326 1286 354 1348 si
370 1281 510 1366 scripsit:
541 1293 624 1346 siem
639 1291 711 1362 ille,
735 1289 892 1345 acriculus
914 1294 1016 1344 tamem
1037 1287 1134 1344 lotos
1149 1283 1259 1364 (ego)
1276 1292 1405 1360 praem.
1445 1291 1610 1348 llericrtlus
1633 1296 1738 1348 autem

197 1417 259 1462 non
278 1399 381 1462 minus
398 1394 495 1479 ἅπαξ
516 1397 710 1482 λεγόμενον,
731 1415 823 1479 quam
843 1402 1016 1474 comoedus,
1039 1399 1093 1459 vel
1112 1397 1142 1459 si
1159 1397 1263 1458 mavis
1278 1403 1491 1477 aeriumulus,
1520 1407 1617 1460 ctum
1639 1405 1737 1475 spelte.

202 1512 272 1575 Sed
301 1513 374 1574 talia
403 1519 528 1592 propter
558 1520 699 1573 naturam
719 1528 808 1574 suam
839 1510 922 1572 haud
949 1507 1131 1590 frequenter
1154 1511 1298 1591 usurpari
1328 1519 1485 1596 poterant,
1515 1519 1552 1572 ut
1579 1515 1738 1571 acriculus

198 1627 273 1688 item
291 1645 334 1688 ex
358 1627 556 1712 coniectura,
576 1626 636 1689 sed
661 1625 827 1707 probabili,
847 1624 947 1686 semel
969 1631 1021 1685 est
1039 1623 1121 1704 apud
1143 1623 1331 1686 Ciceronem
1349 1625 1477 1688 Tuscul.
1496 1624 1535 1708 3,
1555 1623 1606 1686 lt.
1647 1621 1740 1701 Quod

204 1739 245 1800 ad
264 1744 359 1800 latui
375 1758 431 1820 pro
451 1745 559 1800 holuit
575 1740 702 1823 attinet,
719 1738 862 1800 simililer
881 1737 919 1798 C.
943 1735 993 1800 58.
1013 1741 1132 1796 cocum
1151 1746 1328 1818 corruptum
1354 1739 1457 1800 estin
1479 1744 1615 1799 coniecit.

277 1852 316 1914 0.
336 1851 388 1915 42.
426 1855 518 1915 llcul
538 1865 626 1913 utres
644 1854 747 1926 inflati
764 1850 981 1927 mutamus]
1009 1850 1072 1911 llic
1093 1868 1233 1931 quoque,
1261 1858 1296 1911 nt
1321 1851 1470 1933 saepius,
1500 1851 1608 1914 (tritici
1632 1870 1740 1932 parum

202 1964 342 2047 religiosi
371 1965 584 2027 oblitterarnnt
612 1982 790 2026 sermonem
814 1964 979 2044 plebeium.
1024 1962 1184 2024 Videlicet
1214 1962 1267 2025 (iz
1297 1968 1358 2024 llei
1384 1973 1431 2024 est
1458 1965 1528 2024 liei!
1563 1975 1650 2024 utres
1679 1973 1740 2027 cea

203 2078 351 2141 Similiter
367 2079 544 2141 mmtioenus
557 2077 669 2158 aliquis
690 2076 797 2140 dicere
820 2085 931 2156 posset
953 2078 1082 2136 Aeliae
1102 2077 1183 2136 acle!
1214 2080 1301 2137 eaor
1319 2095 1396 2137 sono
1418 2078 1515 2151 quai!
1534 2075 1565 2137 id
1588 2086 1655 2160 ost,
1674 2076 1741 2137 iure

203 2192 359 2271 querimur
380 2188 419 2252 de
438 2190 590 2253 brevitate
612 2191 880 2252 vitaehumanae.
900 2223 939 2234 -
958 2195 1096 2264 Matique
1117 2191 1205 2250 illum
1216 2193 1353 2265 ploravit
1374 2209 1469 2250 umor.
1509 2191 1617 2262 Quiri?
1638 2197 1742 2250 sinon

201 2309 287 2364 illam
301 2311 413 2380 optineo
434 2304 627 2380 accepisset?
652 2306 848 2379 reametur,
872 2321 953 2378 puae
975 2307 1100 2380 mulier,
1125 2307 1283 2362 mitratum
1301 2322 1419 2377 penus:
1441 2309 1556 2363 omnini
1574 2307 1654 2364 nillil
1673 2306 1745 2364 loni
1836 2375 1839 2380 Ι

201 2421 311 2490 facere
333 2428 472 2496 oportet,
496 2437 595 2495 acque
617 2427 664 2478 cst
690 2422 771 2476 enan
796 2435 835 2475 oc
858 2422 888 2476 ri
906 2423 939 2476 in
958 2427 1087 2492 putertm
1105 2417 1271 2475 coniicias.-
1300 2426 1331 2506 et
1353 2423 1503 2493 ommquur
1525 2434 1613 2476 anaor
1635 2434 1745 2476 carcer

205 2530 284 2607 est]
304 2529 342 2590 C.
356 2528 450 2590 habet
470 2537 526 2591 scd
544 2536 693 2607 antiquus
713 2547 802 2589 amor
816 2547 931 2589 cancer
945 2539 1007 2606 est,
1030 2505 1190 2609 quod'non
1211 2529 1423 2608 intelligentes
1443 2530 1636 2608 seripscrrmt
1656 2539 1743 2589 et·-

205 2661 323 2703 carcer.
364 2643 531 2725 Significat
549 2652 653 2706 aulem
683 2662 769 2705 amor
796 2644 959 2724 antiquus,
984 2650 1019 2702 nt
1039 2659 1171 2726 cancer,
1200 2660 1258 2721 per
1277 2658 1336 2703 sua
1355 2641 1494 2723 vestigia
1516 2658 1644 2721 semper
1666 2640 1746 2703 redit

205 2753 245 2816 ad
266 2756 429 2817 mulierem
449 2765 597 2841 amotam,
617 2757 678 2816 etsi
703 2754 855 2816 interdum
876 2754 1008 2816 dissidia
1022 2755 1101 2816 inter
1120 2755 1275 2835 coniuges
1297 2763 1476 2817 nuscuntur.

280 2867 321 2930 C.
339 2868 391 2931 43.
430 2872 469 2929 al
496 2889 568 2929 arse
595 2869 713 2946 creuit]
736 2869 867 2929 Memini
884 2887 936 2929 me
962 2867 1127 2948 aliquando
1154 2868 1232 2929 satis
1252 2869 1371 2930 rustice
1390 2868 1616 2949 reprehensum
1636 2884 1748 2952 esses

205 2979 284 3041 Viro
295 2979 398 3064 docto,
413 2981 496 3060 quod
506 2981 623 3060 stupori
633 2980 822 3042 librariorum
836 2981 946 3043 nescio
958 2980 1221 3062 quodmonstrum
1230 2981 1373 3043 lectionis
1385 2981 1560 3043 tribueram.
1573 2978 1656 3058 Quid
1665 2981 1749 3043 dicat

205 3093 266 3154 iste
287 3092 509 3155 monachorum
531 3099 680 3173 patronus
703 3093 743 3153 de
767 3093 921 3171 scriptura
943 3092 1072 3153 Codicis
1092 3092 1150 3154 c.:
1166 3097 1263 3152 citas
1284 3099 1417 3154 secrevit
1429 3073 1470 3155 i).
1484 3094 1535 3156 55.
1555 3101 1630 3171 quio
1645 3100 1748 3154 mum

205 3225 269 3266 aon
286 3215 405 3282 potest,
429 3214 564 3266 stratum
586 3213 688 3266 coeelit
708 3224 765 3285 pro
789 3212 845 3281 uui
868 3211 1001 3264 asinum.
1023 3203 1060 3266 (l.
1081 3203 1131 3268 58.
1153 3209 1294 3265 soriano
1316 3223 1372 3284 pro
1395 3209 1529 3265 Allieno.
1557 3211 1610 3265 ecl
1633 3211 1748 3279 plaudo

207 3336 263 3396 pro
281 3323 381 3392 culpis
402 3325 466 3376 uda
486 3327 547 3379 cet.
568 3327 601 3379 et
619 3317 852 3379 innumerabilia
871 3309 968 3378 runai
998 3351 1035 3361 —
1067 3323 1225 3377 Noveram
1243 3321 1396 3377 lammari
1415 3321 1487 3377 olim
1508 3321 1695 3395 molliorem,
1720 3328 1750 3378 ct

152 3469 155 3477 -
206 3435 310 3491 adluc
329 3434 425 3489 salac
446 3431 546 3505 erat]
574 3433 599 3483 il
621 3449 771 3491 noueram
790 3435 941 3490 lomiaem
961 3433 1031 3489 clim
1058 3433 1190 3490 oliorum
1213 3437 1274 3490 oet.
1295 3427 1334 3490 G.
1355 3428 1475 3491 Sanum
1490 3428 1552 3491 hoo
1571 3437 1661 3509 puto,
1687 3447 1749 3491 neo

207 3543 269 3604 mla
283 3544 411 3622 plaeere
433 3549 539 3621 potest
552 3540 628 3601 VV.
642 3542 712 3603 Di).
736 3543 915 3604 coniectura
933 3545 1006 3601 olim
1020 3547 1253 3618 mulierarium,
1276 3547 1463 3619 motatorem,
1487 3545 1672 3622 molliorem3
1691 3542 1750 3603 sed

209 3671 317 3718 timaus
339 3672 482 3736 agnosco
498 3670 676 3714 sermonem
702 3655 866 3732 plebeium.
905 3654 1028 3716 Etenim
1053 3655 1143 3734 quasi
1166 3659 1237 3714 olim
1256 3672 1369 3715 nomen
1392 3661 1482 3715 esset
1501 3653 1702 3739 declinabile,
1721 3655 1751 3715 ei

209 3767 386 3832 commodat
405 3767 549 3847 garrulus
568 3765 742 3848 genitivum
772 3775 870 3828 nentr.
893 3766 971 3846 plur.
994 3770 1073 3827 oter
1091 3771 1225 3826 oliorum
1240 3774 1292 3827 cst
1312 3773 1385 3828 unte
1412 3766 1595 3845 permultum
1615 3775 1750 3850 tempus,

209 3899 265 3960 per
285 3881 399 3942 multos
418 3897 527 3942 annos.
566 3877 743 3958 compares
761 3879 1038 3959 Franeogallorum
1056 3875 1078 3938 ὰ
1096 3883 1128 3936 la
1145 3877 1192 3949 fia
1211 3884 1266 3937 elea
1285 3879 1359 3950 fias.
1398 3861 1499 3940 Simili
1520 3880 1751 3942 consnuctione

210 3992 248 4055 G.
269 3991 319 4056 at.
339 4009 536 4052 nummorum
557 4009 708 4052 nummos.
1045 4053 1048 4060 ,
1558 3999 1563 4006 “

289 4105 327 4166 C.
347 4105 400 4166 44.
442 4109 524 4176 Quid
551 4114 655 4165 outmn
681 4107 802 4182 Glycon
822 4110 954 4179 portabat
978 4109 1182 4178 Hermopenit
1201 4105 1299 4176 tiliam
1329 4123 1470 4181 uuquam
1498 4109 1612 4166 tomum
1633 4114 1750 4168 ercitum

208 4217 418 4294 lactorensi]
438 4214 520 4277 Cod.
538 4213 576 4276 C.
599 4219 625 4269 i
646 4217 776 4294 tillem,
798 4224 831 4277 et
852 4216 977 4296 quidem
995 4217 1126 4300 optime,
1143 4233 1185 4278 ex
1205 4209 1351 4278 sermone
1368 4217 1492 4280 scilieet
1512 4217 1644 4298 plebeio.
1682 4218 1765 4278 Nos.

213 4331 405 4392 diceremus:
426 4335 483 4387 das
519 4331 665 4388 Umlrruut
688 4333 742 4387 des
768 4332 995 4405 Hermopeaes,
1020 4329 1086 4408 (die
1110 4333 1316 4390 mareotem
1343 4333 1506 4406 Toclttcr.)
1546 4328 1646 4392 Simili
1666 4337 1754 4409 tropo

212 4442 349 4506 convive
366 4440 462 4500 iratus
481 4438 638 4520 Ascylton
658 4441 769 4499 lelium
790 4458 916 4516 pomum
938 4449 1033 4503 vocat
1050 4440 1090 4503 C.
1109 4441 1159 4504 57.
1180 4442 1365 4504 Nostrates:
1394 4450 1444 4502 eim
1467 4444 1618 4500 saulem
1645 4445 1755 4518 Vopel!

212 4556 298 4617 idem
320 4551 437 4614 Gitona
457 4569 582 4628 cepam,
604 4551 749 4613 conrioio
772 4554 949 4616 etiamnunc
972 4553 1054 4635 apud
1075 4553 1171 4617 Italos
1191 4555 1306 4618 usitato
1327 4549 1459 4629 ripalta,
1481 4559 1511 4613 et
1524 4569 1599 4616 mox
1621 4553 1756 4616 eundem

214 4669 368 4746 increpat:
389 4681 474 4740 rurs,
499 4670 588 4724 imaro
610 4673 714 4725 terrae
734 4669 831 4726 tuter.
