4224 5558
221 568 314 642 atque
328 561 581 642 interpretantur:
598 557 757 644 „pretium
771 556 1063 620 manumissionem
1084 573 1146 642 que
1160 571 1237 620 saue
1251 553 1333 635 apud
1344 553 1604 618 Trimalchionem
1623 557 1759 639 sirrguiis

219 675 289 738 fera
308 675 394 737 horis
417 691 459 736 ex
481 673 704 754 mancipiorum
722 689 826 752 grege
844 688 938 734 unum
958 671 1131 732 alterumve
1156 668 1409 754 manumittente,
1429 677 1461 735 et
1487 669 1538 750 qui
1566 669 1759 736 destinasset

220 805 330 852 omnes
352 805 468 850 servos
490 788 522 849 in
547 795 734 850 testamento
757 802 815 847 stro
834 784 1065 869 manumittere,
1091 800 1171 864 opus
1192 801 1254 845 nou
1274 791 1350 844 erat.
1389 781 1458 844 Sed
1478 780 1516 843 0.
1536 787 1697 864 tlrrettuar,
1724 786 1757 852 in

218 921 282 984 qno
302 903 399 965 latere
419 887 549 962 arbitror
568 904 758 982 thorneiam,
787 915 849 982 quo
867 915 941 960 voc.
961 913 1040 960 usus
1059 905 1111 958 est
1129 895 1305 984 Ampelius.
1344 896 1492 981 Scilicet,
1524 896 1605 959 clam
1624 914 1667 959 ex
1686 899 1757 960 dia-

217 1016 332 1078 riorum
352 1013 489 1077 residuis
507 1031 640 1094 parvum
658 1013 817 1076 ttreracem
837 1009 897 1073 sibi
915 1019 1099 1094 putaverat,
1119 1008 1336 1090 utaliquando
1355 1029 1394 1074 co
1415 1010 1556 1096 indutus,
1584 1010 1756 1091 improviso

216 1131 248 1192 iu
268 1130 383 1192 demini
404 1137 610 1210 conspectum
628 1127 792 1212 prodicos,
822 1143 894 1187 eum
925 1123 1098 1186 delectaret
1125 1123 1258 1206 eiusque
1284 1124 1417 1204 gratiam
1437 1133 1585 1211 captaret.
1622 1124 1757 1207 Propius

212 1243 310 1306 etiam
330 1243 500 1306 accederet
519 1245 709 1320 rumen,
738 1247 925 1303 mmmmam
952 1225 1166 1318 vestitumque
1191 1237 1345 1302 Thraecia
1372 1237 1571 1321 gladiatoris:
1595 1238 1655 1301 sed
1674 1255 1755 1305 uus-

210 1367 310 1438 'quam
329 1356 391 1420 troo
409 1372 483 1419 voc.
508 1355 669 1437 reperitur.
964 1437 965 1442 ἵ

292 1469 330 1534 0.
350 1468 403 1533 77.
441 1471 611 1544 Aedificant
631 1473 713 1530 donc
731 1473 873 1544 domum
894 1473 932 1527 ut
953 1471 1055 1544 scitia,
1077 1471 1188 1526 coauto
1211 1475 1298 1542 erat‚·
1320 1484 1406 1530 aune
1429 1451 1575 1542 temptum
1595 1466 1675 1545 ert]
1695 1467 1752 1531 sie

215 1601 287 1646 eum
306 1583 439 1648 Heinsio
458 1583 630 1654 Antonius.
656 1581 726 1644 Sed
745 1580 783 1643 C.
803 1599 901 1641 eunuc
921 1580 1005 1659 (non
1023 1579 1152 1658 canuc).
1182 1579 1262 1642 eum
1282 1579 1462 1659 suspicarer
1482 1579 1753 1667 Trimalchionem,

89 1723 101 1730 ·
214 1698 371 1760 hominem
381 1689 515 1781 Syrum,
535 1698 587 1760 hie
607 1696 696 1776 patrii
710 1695 865 1756 sermonis
878 1692 1064 1757 vocabulum
1078 1710 1263 1778 usurpasse,
1283 1694 1474 1775 interrogavi
1487 1693 1598 1762 Virum
1617 1694 1753 1779 doctum,

212 1810 368 1894 Syriacae
385 1811 512 1892 linguae
531 1810 629 1891 probe
648 1827 790 1892 gnarum,
810 1809 862 1890 qui
881 1808 1075 1887 comparavit
1093 1823 1169 1869 voc.
1189 1809 1345 1886 clr'ecttutr,
1365 1807 1530 1889 tenebrae3
1549 1810 1630 1873 adeo
1649 1818 1683 1874 ut
1696 1809 1750 1872 sit:

212 1933 273 2008 „ut
292 1925 401 2006 scitis,
419 1925 556 2004 angulus
578 1933 646 1986 erat
663 1923 898 2006 tenebricosos,
917 1922 1074 1985 ladhutum
1094 1920 1296 1985 obscurum.”

288 2038 327 2103 0.
346 2036 399 2102 78.
442 2043 532 2102 omn
551 2045 722 2115 praecipue
740 2057 851 2098 cereos
868 2041 1029 2098 toditr‘rrorii
1044 2029 1143 2114 iltius,
1162 2041 1219 2113 put
1234 2041 1317 2096 inter
1335 2038 1392 2098 lar
1413 2040 1651 2098 honestissimus
1669 2047 1747 2116 erat,

211 2162 275 2212 teor
293 2157 385 2214 eulde
401 2158 553 2230 ιιιιοιιιιιι,
570 2164 611 2214 ιιι
628 2162 724 2213 toturn
742 2158 914 2214 concitaret
931 2150 1107 2230 cidnum]
1128 2149 1166 2213 0.
1187 2153 1372 2212 tibertinure'i
1390 2153 1474 2210 itlius
1492 2155 1554 2226 put.
1581 2149 1622 2212 Et
1640 2149 1749 2213 aderat

211 2264 336 2347 quidem
367 2284 487 2328 coenae
520 2266 701 2328 libitinarius
730 2264 843 2346 aliquis
867 2263 964 2345 (Cap.
983 2261 1066 2342 38).
1105 2263 1174 2326 Sed
1195 2263 1247 2326 hic
1266 2262 1433 2326 manifesto
1453 2264 1493 2327 de
1512 2255 1750 2330 Trimalchionis

210 2395 308 2441 servo
321 2379 472 2461 loquitur.
511 2379 618 2440 Malim
638 2378 747 2458 igitur:
767 2396 880 2439 ceraue
901 2381 1110 2456 ιιιιιιιιαιιιιε,
1129 2383 1186 2454 pm·
1204 2386 1265 2440 cet.

286 2491 325 2554 0.
344 2491 397 2556 81.
436 2496 600 2554 Menelaus
622 2491 886 2569 antescholanus]
916 2489 954 2554 0.
974 2497 1019 2552 M.
1048 2499 1106 2552 out
1123 2495 1291 2554 centonius.
1320 2487 1555 2556 Antenoreae-too
1587 2497 1748 2568 Virpinum

210 2605 314 2668 trabes
333 2606 365 2668 in
384 2607 541 2687 inscriptt.
560 2607 642 2668 meis
670 2608 740 2668 Lat.
760 2605 803 2668 N.
826 2604 925 2690 trus,
953 2604 1102 2685 quooirea
1131 2604 1194 2667 hoc
1228 2623 1352 2686 quoque
1379 2605 1449 2666 loco
1468 2605 1581 2668 melius
1609 2607 1747 2670 anum:

207 2723 372 2780 dienetour
394 2725 653 2781 cnteeclotcrr'ua.
684 2753 722 2765 -
755 2724 837 2792 Quid
867 2723 920 2780 ille
947 2723 1045 2795 atter,
1075 2717 1181 2777 odii!
1213 2723 1285 2796 qui,
1314 2727 1472 2794 tamquam
1490 2727 1592 2794 tooom
1617 2724 1745 2799 uirilem,

205 2837 318 2894 atatem
330 2834 508 2912 sumprttl]
528 2834 585 2897 Sic
605 2833 706 2897 editur
725 2853 745 2895 e
764 2832 845 2897 coni.
864 2833 975 2914 partim
991 2831 1121 2918 Lipsiir
1128 2830 1239 2913 partim
1250 2830 1390 2894 Nodotii.
1410 2830 1477 2894 Sed
1493 2831 1746 2912 Cod.'l'0rnaes.‚

173 2959 178 2967 ’
207 2946 318 3028 ouius,
342 2965 414 3008 cum
442 2946 526 3008 lraec
541 2947 645 3011 absint
663 2966 684 3009 a
703 2947 759 3029 C.‚
780 2947 811 3010 ιι.
830 2947 850 3009 l.
870 2947 1006 3010 maxima
1025 2956 1077 3008 cst
1094 2945 1279 3009 auotoritas:
1312 2951 1388 3022 paint
1413 2949 1465 3008 tlte
1492 2951 1591 3008 ottero
1614 2953 1664 3008 die
1691 2953 1748 3028 poi

205 3068 363 3136 romonem
380 3070 470 3135 topoe
487 3065 588 3120 ciritio
606 3065 718 3121 stolam
740 3066 887 3136 sumpsit:
918 3077 999 3141 quae
1019 3059 1068 3122 sio
1087 3057 1309 3142 distinguenda
1327 3067 1422 3139 atque
1450 3059 1637 3140 explicantia
1656 3079 1744 3124 reor:

204 3179 281 3248 perid
299 3177 367 3251 itte,
387 3178 486 3234 attero
510 3179 560 3235 die
581 3179 638 3251 pot
658 3182 816 3250 lampeon
832 3170 918 3252 (dia)
938 3182 1027 3249 topoe
1045 3177 1145 3233 cirilla
1165 3170 1238 3252 (pro
1258 3171 1336 3250 hac)
1356 3175 1467 3236 stolone
1489 3167 1647 3248 sumpsit?

282 3284 320 3347 0.
338 3284 390 3349 82.
431 3292 497 3346 Nec
519 3289 593 3348 didit
613 3293 696 3348 enter
714 3305 816 3365 opuoa
833 3305 892 3347 nec
909 3305 1003 3364 panto
1020 3293 1162 3363 patentia
1181 3291 1285 3362 carpit
1316 3291 1468 3348 Tantalus
1491 3289 1622 3366 infelice,
1652 3305 1743 3365 ouem
1768 3305 1771 3310 '

202 3417 263 3460 ruo
282 3408 355 3460 coto
365 3408 520 3474 prensant.
540 3403 652 3461 Diouis
669 3405 747 3462 doce
768 3405 873 3475 mopnt
891 3403 993 3473 foetes
1009 3405 1077 3477 erit,
1102 3406 1206 3460 mnia
1218 3403 1282 3461 tate
1299 3404 1362 3472 Qui
1375 3409 1459 3462 terret
1478 3411 1508 3462 et
1522 3407 1605 3464 eicco
1624 3421 1741 3466 eonco-

201 3518 270 3588 putt
291 3530 347 3573 ore
371 3512 519 3590 sonem]
548 3511 672 3575 Nescio
696 3531 752 3577 our
773 3513 855 3577 lrauc
874 3513 1033 3595 notgento
1054 3514 1221 3577 lectionem
1244 3513 1444 3596 praetulerint
1466 3516 1638 3578 auctoritati
1662 3494 1742 3580 (lod.

201 3625 372 3710 Tomeos,
385 3625 443 3688 ubi
462 3625 557 3706 longe
575 3626 689 3687 melius
709 3628 757 3690 aic
770 3628 886 3711 legitur
904 3626 966 3691 hoo
980 3609 1188 3709 epigramma:
1208 3635 1241 3690 N
1246 3647 1294 3690 on
1315 3633 1389 3689 ιιιιι
1405 3635 1487 3690 inter
1503 3647 1618 3708 apocr,
1628 3648 1743 3706 pomo

200 3749 271 3800 out
290 3745 510 3815 pendentia
532 3745 689 3818 corpit-
707 3773 745 3786 -
762 3749 865 3804 omnio
885 3761 1054 3804 caraem
1074 3747 1136 3815 Qut
1151 3749 1260 3805 timet
1277 3752 1307 3802 et
1326 3751 1404 3823 oct,
1425 3740 1536 3823 idest,
1557 3743 1741 3829 quiamnia,

201 3869 282 3934 qaae
299 3853 409 3936 ceruit,
424 3853 515 3916 ctiam
533 3854 673 3916 umbram
690 3871 791 3934 suam,
803 3867 837 3920 ut
850 3857 989 3941 aiebant,
1009 3857 1105 3920 tiruet.
1132 3854 1197 3919 Cir.
1213 3855 1252 3918 de
1268 3856 1299 3918 tn
1311 3857 1332 3918 l.
1350 3856 1443 3919 etiam
1457 3855 1740 3921 Chrestomattrium

198 3965 346 4028 Petronio
360 3967 645 4030 -ilurmonnianam
662 3986 692 4047 p.
717 3966 789 4031 101.

276 4078 314 4143 0.
333 4079 388 4146 83.
427 4085 510 4141 Hine
526 4088 634 4158 aquito
649 4085 773 4156 ferebat
797 4087 882 4144 coeto
906 4089 1046 4146 mittanis
1065 4084 1179 4162 deum]
1199 4087 1338 4146 audiunto
1366 4089 1555 4150 Cotmnitum.
1571 4085 1739 4167 Bougarsii

198 4194 340 4274 suspicio
359 4194 519 4274 adscripta
539 4195 595 4256 ild.
616 4193 709 4259 1577.
727 4195 898 4276 exemplari
920 4197 1084 4266 Beroenai.
1123 4197 1175 4260 Ac
1206 4217 1321 4260 revera
1352 4217 1416 4262 voe
1456 4205 1642 4262 Cotomttuen
1670 4197 1738 4260 lere

196 4305 313 4387 ubique
338 4319 526 4389 corruptum.
555 4303 642 4370 Fieri
664 4319 768 4372 tamen
795 4311 910 4394 potuit,
930 4321 963 4372 ut
981 4321 1054 4392 post
1073 4319 1165 4373 deum
1183 4329 1259 4392 gen.
1277 4313 1355 4394 plur.
1375 4313 1538 4376 exciderit}
1545 4319 1737 4390 pincernam,

193 4425 416 4496 pocillatorem.
448 4457 487 4468 -
520 4429 662 4500 Iuppiter
681 4430 714 4484 in
735 4430 822 4485 caeto
844 4444 903 4486 auo
923 4443 987 4486 non
1007 4432 1125 4487 ervenit
1147 4433 1233 4503 puod
1257 4427 1404 4506 eliperet]
1425 4425 1634 4506 Bongarsius:
1654 4433 1740 4503 pocot

196 4539 342 4610 dittperet.
363 4567 401 4579 -—
420 4554 491 4596 eum
508 4554 552 4598 ee
576 4541 636 4598 laec
656 4547 731 4598 noto
753 4542 960 4600 litteratorum
980 4557 1067 4618 care,
1094 4557 1172 4616 prena
1194 4547 1297 4602 odiam
1315 4545 1423 4599 diriter
1442 4538 1565 4618 autent]
1585 4539 1736 4606 Auctori-

128 4642 133 4652 '
194 4655 257 4709 tate
276 4647 377 4713 codd.
397 4649 487 4712 Leid.
508 4653 659 4714 Tornaes.
680 4650 751 4714 dele
770 4670 916 4734 praepos.
936 4673 996 4731 ec,
1019 4653 1208 4734 aSoioppio
1231 4654 1391 4715 intrusam.
