4224 5558
399 425 423 502 2

403 597 511 678 statui,
532 605 565 658 nt
584 594 761 658 accuratius
781 603 853 674 post
869 593 1036 657 sincerum
1050 594 1079 674 ¹)
1100 594 1212 658 collato
1232 593 1352 659 Codice
1370 593 1534 678 bernensi,
1555 589 1733 676 Gallicano,
1752 591 1938 656 nitidissimo

402 709 510 774 Secuii
537 710 579 770 X.
600 707 671 787 (A.)
692 726 762 770 cum
783 707 926 770 Editione
948 708 1112 788 Bipontina
1137 717 1168 770 et
1195 707 1297 770 denuo
1316 707 1458 771 consulto
1484 706 1564 769 Cod.
1583 707 1787 790 Tragutiensi
1807 706 1876 784 (C.)
1897 705 1937 766 ad

401 820 628 894 emendandum
650 821 836 902 scriptorem
855 819 970 902 atiquid
991 821 1102 882 saltem
1122 819 1308 884 conferrem.

476 934 579 1014 Caput
600 931 629 996 l.
654 939 688 995 in
712 939 809 994 atium
828 943 986 995 terraram
1006 933 1132 1013 orbem]
1152 933 1273 1015 Bipont.
1297 933 1335 998 C.
1354 941 1386 996 in
1409 940 1506 998 atium
1535 939 1639 996 orbem
1661 944 1819 995 terrarum
1839 933 1880 993 A.
1900 965 1938 976 -

400 1046 671 1126 adolescentuiae]
688 1051 772 1107 adut.
789 1045 830 1108 A.
863 1078 888 1092 ·-
907 1067 951 1108 ere
969 1047 1030 1127 in]
1044 1045 1082 1110 C.
1097 1067 1140 1107 ea·
1152 1052 1200 1107 itis
1214 1048 1255 1108 A.
1274 1081 1313 1092 -
1332 1054 1389 1108 nd
1399 1047 1575 1128 tyrannos]
1594 1057 1625 1108 et
1641 1057 1794 1127 tyrannos
1809 1043 1881 1108 Ae.
1899 1079 1937 1092 -

403 1169 435 1222 in
454 1159 684 1239 pestilentiam]
704 1159 762 1222 sio
784 1159 877 1220 etiam
896 1157 953 1246 A,
973 1159 1031 1220 sed
1051 1157 1090 1222 C.
1108 1165 1142 1220 in
1161 1165 1346 1235 pestilentia.

457 1267 511 1336 ’0.
531 1275 561 1336 2.
581 1277 687 1349 quiin
713 1275 820 1332 culina
847 1271 1010 1351 natitant]
1029 1270 1068 1335 C.
1089 1277 1146 1349 qui
1165 1279 1199 1332 in
1217 1279 1304 1334 corin
1334 1276 1476 1334 babinae
1494 1275 1535 1335 A.
1556 1273 1642 1353 (Alii
1657 1271 1759 1337 codd.
1785 1279 1817 1334 in
1837 1279 1936 1354 curio.

398 1389 449 1449 Ex
469 1386 624 1467 scriptura
642 1384 683 1448 A.
707 1383 863 1466 suspicari
883 1385 991 1466 possis
1013 1389 1047 1446 in
1062 1391 1199 1446 corium
1218 1385 1388 1466 (officina).
1427 1383 1494 1449 Sed
1514 1405 1586 1448 cum
1602 1385 1640 1450 C.
1655 1386 1756 1448 flrmet
1776 1405 1808 1447 v.
1820 1390 1935 1462 eulina,

396 1504 428 1564 in
448 1502 510 1564 boc
536 1499 803 1582 acquiescendum
826 1509 909 1579 puto.
934 1531 973 1546 -
1000 1503 1095 1574 prirni
1119 1499 1276 1576 omnium]
1299 1504 1396 1575 primi
1415 1517 1534 1560 mama
1551 1500 1592 1562 A.
1612 1499 1732 1562 Verum
1754 1497 1878 1561 videtur
1897 1497 1936 1560 C.

395 1621 543 1692 primitur
560 1619 704 1674 omnium.
724 1646 762 1660 -
782 1619 920 1673 nondum
938 1617 1066 1672 iuvenes
1083 1615 1355 1673 deetnnmtrbnibus
1377 1612 1638 1692 continebantur]
1660 1613 1717 1675 Sic
1740 1613 1832 1674 etiam
1854 1611 1938 1692 AC„
2000 1661 2008 1668 .

396 1729 516 1812 idest,
545 1727 625 1789 intr'a
650 1735 818 1806 angustum
845 1725 1102 1788 declamationum
1126 1723 1233 1786 orbem
1252 1724 1350 1787 veluti
1378 1724 1606 1803 retinebantur,
1635 1724 1715 1788 adeo
1734 1735 1767 1788 nt
1794 1726 1826 1788 in
1844 1742 1937 1787 usum

396 1841 557 1904 forensem
590 1837 738 1922 progredi
761 1839 801 1900 iis
823 1857 885 1901 non
912 1839 1032 1900 liceret.
1077 1835 1186 1900 bionui
1212 1847 1337 1919 propter
1365 1839 1500 1902 lacobsii
1528 1840 1710 1920 ceteroquin
1738 1839 1936 1919 ingeniosam

397 1955 630 2018 coniectorem:
649 1955 908 2014 declamatoribus
917 1955 1193 2013 committebantur.
1213 1985 1252 1998 -
1270 1962 1365 2029 utque
1377 1952 1567 2032 Euripides]
1585 1955 1611 2006 n
1623 1955 1855 2030 outiiurrpides
1865 1951 1937 2016 Ac.

396 2101 435 2116 -
464 2074 611 2130 Nondum
638 2069 831 2127 umbraticus
859 2073 968 2127 doctor
991 2070 1312 2145 montanensem,
1342 2083 1414 2126 cum
1442 2069 1602 2126 Pmdnrrre
1630 2083 1803 2143 normaque
1827 2072 1939 2144 Lyrici

399 2185 574 2244 Homericis
600 2183 742 2241 ceretius
765 2197 879 2241 canere
912 2179 1106 2256 timuerunt]
1136 2177 1193 2243 Sin
1226 2179 1320 2241 etiam
1348 2177 1420 2242 Ac.
1458 2176 1694 2241 Memorabilem
1720 2180 1792 2241 sivo
1818 2179 1938 2241 uariam

394 2294 561 2357 lentienem
592 2291 664 2356 sive
692 2292 906 2356 coniecturam
940 2290 1109 2373 adscripsit
1137 2292 1326 2375 Anonymns
1358 2292 1530 2375 exemplari
1557 2291 1614 2355 Ed.
1647 2285 1877 2355 Sambncianae
1907 2293 1937 2354 in

395 2407 583 2472 bibliotheca
599 2407 766 2472 'rutinensi
787 2415 971 2470 asservato:
991 2425 1108 2468 canore
1123 2413 1340 2468 retirrnierant.
1379 2407 1412 2468 1s
1432 2407 1502 2468 sine
1525 2404 1617 2469 dnbio
1639 2405 1721 2470 banc
1749 2407 1937 2468 sententium

396 2520 589 2606 requirebat:
618 2520 819 2608 „Homericis
841 2517 988 2584 versibus
1008 2520 1104 2600 (casn
1121 2519 1228 2598 tertio)
1247 2529 1341 2582 canto
1357 2536 1416 2581 suo
1432 2521 1545 2584 melico
1568 2521 1664 2583 veluti
1679 2520 1937 2600 respondenmt.”

395 2670 436 2684 -
453 2635 705 2716 Dmnstbenem]
726 2634 765 2699 C.
790 2639 1006 2696 dentertitenen
1023 2633 1065 2696 A.
1086 2663 1122 2680 -
1157 2639 1328 2695 neccarum
1344 2641 1442 2696 rideo.
1472 2637 1612 2696 Grandia
1632 2643 1678 2710 et,
1696 2645 1733 2696 ut
1751 2641 1795 2695 ita
1814 2634 1938 2712 dicam]

394 2754 573 2810 decurtare.
595 2757 626 2810 et
647 2755 716 2810 ideo
743 2755 874 2824 prandia
898 2759 929 2810 et
944 2752 1031 2808 vetur
1050 2753 1095 2807 ita
1112 2753 1141 2807 d.
1158 2748 1198 2808 A.
1231 2748 1309 2811 Item
1330 2746 1386 2831 0.,
1405 2747 1466 2809 nisi
1495 2746 1595 2829 quod:
1613 2757 1646 2809 et
1663 2753 1748 2809 reiut
1768 2757 1806 2808 ut
1824 2755 1877 2808 ita.
1897 2779 1935 2792 -

393 2867 511 2939 puriter
527 2867 628 2922 oratio
641 2879 706 2922 non
730 2869 779 2922 est
791 2859 974 2939 montosa]
995 2859 1052 2922 Sic
1070 2859 1163 2921 etiam
1182 2858 1253 2922 AC.
1272 2859 1405 2941 Explieo
1431 2861 1462 2922 in
1480 2861 1641 2923 meliorem
1658 2870 1778 2941 partem
1801 2854 1936 2946 „incidis

397 2975 532 3038 maculis
549 2973 695 3038 distincta
713 2973 811 3036 vetuti
837 2973 973 3055 exempli
992 2989 1091 3037 causa
1108 2971 1232 3056 tigridis
1250 2973 1379 3056 peltis.”
1404 2974 1568 3038 iacobsins
1585 2974 1747 3056 proposuit
1760 2980 1933 3035 macilenta.

394 3121 434 3134 -·
452 3097 582 3150 coruom
605 3092 723 3150 irtbaec
738 3087 790 3167 et]
809 3097 939 3150 emitote
960 3097 991 3150 et
1005 3086 1077 3151 Ac.
1096 3121 1134 3136 ·-
1152 3094 1307 3166 ibantque
1328 3088 1502 3168 corrupta]
1521 3093 1676 3165 recteque
1693 3099 1845 3165 corrupta
1863 3086 1934 3150 AC.

393 3237 430 3252 -
456 3202 667 3282 abacorum]
687 3207 857 3296 ‘Q
875 3203 916 3265 A.
935 3235 975 3248 ·-··
994 3200 1208 3280 (potueruntJ
1226 3201 1283 3266 Sic
1301 3202 1343 3262 A.
1360 3212 1493 3278 potuere
1516 3199 1578 3280 C.)

472 3316 511 3381 c.
531 3315 562 3382 8.
599 3313 746 3393 porticu]
761 3321 883 3391 portico
908 3317 949 3378 A.
969 3346 1007 3360 -
1026 3319 1191 3375 Minimum
1211 3319 1245 3375 in
1261 3319 1310 3375 teir
1327 3317 1605 3375 exercitationibus
1625 3321 1768 3377 doctores
1789 3325 1931 3394 peccant,

394 3437 451 3509 qui
465 3447 594 3490 necem
612 3431 727 3488 babent
741 3446 813 3488 eum
830 3430 1056 3488 insanientibus
1072 3428 1217 3506 lurore}
1238 3423 1431 3510 Goidustns,
1451 3426 1534 3490 haud
1549 3445 1733 3509 agnoscens
1750 3429 1934 3510 ripuariam,

346 3597 349 3604 .
392 3561 558 3625 perperam
577 3559 634 3622 pro
655 3543 681 3596 i
700 3547 854 3603 Nimirum
875 3538 1047 3622 Codicum,
1068 3541 1161 3602 etiam
1185 3539 1273 3624 AG,
1291 3540 1427 3604 coniecit
1446 3547 1618 3602 Minimum.
1652 3575 1690 3586 -
1719 3549 1754 3602 ni
1772 3542 1934 3622 diuermt]

392 3659 414 3704 i*
427 3662 490 3718 nebi
503 3663 651 3736 dicerint,
673 3654 728 3734 (ut
744 3653 869 3717 volebat
882 3654 1079 3733 Puteanusz)
1100 3655 1141 3717 A.
1161 3655 1234 3735 (qui
1251 3661 1403 3716 dicerunt
1416 3654 1471 3735 C.)
1492 3689 1529 3702 -
1548 3655 1664 3718 Deficit
1680 3654 1758 3719 cod.
1771 3658 1812 3718 A.
1831 3657 1861 3720 in
1877 3675 1933 3716 vv.

392 3789 465 3832 cum
483 3788 597 3861 coena-q
615 3775 898 3846 diottum'captcnt.
927 3801 965 3814 -·
996 3767 1162 3847 moratur]
1181 3771 1207 3824 i
1221 3772 1396 3844 morabitur
1416 3767 1474 3854 G.,
1494 3768 1575 3850 qnod
1591 3779 1741 3849 praestat.

469 3881 508 3948 C.
527 3883 558 3945 4.
597 3887 683 3959 dipni
700 3892 790 3959 runt,
815 3881 892 3961 qui]
910 3885 936 3938 i
957 3887 1055 3960 dipni,
1076 3889 1132 3960 qui
1150 3881 1188 3945 C.
1207 3914 1246 3926 -
1274 3889 1406 3944 rtudnn·
1421 3888 1548 3944 iuuenes
1564 3887 1695 3944 tectione
1713 3901 1823 3944 serere
1846 3889 1932 3944 miti-

329 4014 333 4023 ·
392 3995 561 4076 parentur]
583 3998 609 4051 b
625 4001 836 4072 irriperentur
858 3994 897 4057 C.
922 3995 1048 4060 Falsum
1067 3995 1139 4059 lect.
1160 4001 1379 4072 mitiparentur
1397 3995 1522 4076 repperi
1546 3996 1678 4076 primum
1700 3997 1732 4058 in
1754 3997 1811 4058 Ed.
1832 3997 1932 4058 Paris.

265 4089 268 4094 ¹
392 4109 484 4176 1577.
505 4144 544 4159 —·
562 4111 622 4170 siit
637 4113 717 4170 nitrii
732 4109 835 4187 erret}
854 4107 1025 4173 Manifesto
1040 4111 1104 4190 leg.
1123 4111 1146 4155 θ
1164 4115 1202 4172 Si
1220 4113 1279 4172 ribi
1297 4118 1359 4173 cet.

468 4221 507 4288 C.
527 4221 578 4285 14.
617 4227 700 4301 ipsi,
721 4227 776 4298 qui
795 4227 914 4301 Cynica
933 4230 1105 4285 traducunt
1124 4233 1262 4302 tempora
1275 4241 1388 4302 coena,
1408 4229 1933 4301 Nonnunqumnnummiarendere

390 4342 486 4398 rerba
500 4335 622 4417 rotent]
636 4335 748 4420 codd,
769 4337 862 4398 ctiam
878 4337 935 4422 C.,
947 4340 1041 4398 cerba
1056 4342 1285 4416 antonionum
1305 4337 1363 4399 sed
1375 4338 1529 4400 sententia
1545 4339 1689 4420 requirit:
1710 4339 1731 4383 ὓ
1747 4345 1819 4400 iuro
1832 4343 1934 4400 rotent

392 4469 502 4512 enuere.
541 4453 614 4518 Hoc
634 4451 718 4515 uolt:
753 4450 835 4514 Dum
862 4451 894 4512 in
922 4450 1048 4534 Cynica
1072 4468 1191 4536 coena,
1222 4451 1254 4514 id
1283 4459 1352 4538 est,
1385 4461 1418 4515 ut
1443 4453 1484 4516 ait
1505 4451 1544 4516 C.
1572 4451 1641 4535 tu,
1668 4458 1775 4530 linqua
1808 4459 1931 4530 cunina,

382 4727 384 4732 -
429 4695 458 4752 t)
479 4693 567 4746 vani.
587 4690 671 4746 codd.
689 4695 756 4746 btss.
774 4694 842 4748 utbt.
861 4693 1006 4746 bernensis
1023 4694 1087 4746 Vol.
1106 4694 1137 4758 t,
1155 4707 1181 4759 p.
1199 4695 1265 4746 die.
