4224 5558
392 407 438 488 18

391 595 442 648 est
460 586 637 650 auctoritas.
676 583 779 649 Recte
802 594 974 667 exponunt:
1007 586 1195 670 „Amasius,
1215 587 1268 668 qui
1289 587 1421 652 alienum
1449 598 1580 653 secutus
1597 600 1648 652 est
1672 591 1764 672 eique
1784 609 1821 653 re
1843 609 1926 654 con-

388 701 525 763 cessit.”
563 702 657 762 Hunc
676 701 813 778 Petronii
838 719 928 763 usum
951 700 1185 782 Lexicogrepbi
1202 702 1337 764 nondum
1357 714 1551 786 receperunt.

465 816 503 880 C.
524 815 594 880 114.
635 823 699 878 Sed
721 837 779 878 aec
806 827 908 878 certor
925 818 1043 891 fluctos
1063 826 1175 876 centur
1197 818 1379 899 caputerot]
1411 818 1515 882 Recte
1534 830 1688 882 tractasse
1713 821 1795 883 bunc
1819 823 1920 884 locum

387 933 510 995 videtur
529 931 799 995 Chrestomatbiae
826 932 972 1012 scriptor:
1000 931 1229 1011 „Variantibus
1249 931 1280 992 iu
1299 941 1486 1014 tempestate
1505 936 1628 1020 ventis,
1646 953 1733 998 mare
1755 953 1837 998 nunc
1859 937 1922 999 buc

391 1047 572 1130 impellitur,
598 1066 680 1110 :runc
701 1048 788 1124 illuc}
818 1065 879 1108 nec
902 1047 961 1126 ipsi
980 1046 1092 1108 lluctns
1115 1056 1222 1108 tenent
1246 1064 1373 1109 cursum
1391 1059 1520 1110 certum.
1559 1050 1624 1113 lsta
1642 1050 1732 1113 nobis
1757 1051 1919 1115 videbatur

383 1183 462 1226 vera
480 1163 572 1226 istius
592 1165 651 1226 loci
667 1162 821 1224 sententia
838 1171 870 1223 et
888 1161 1023 1223 maxime
1042 1163 1237 1228 conveniens
1254 1163 1467 1246 sequentibus,
1489 1164 1539 1227 ubi
1555 1173 1670 1228 ventus
1687 1166 1773 1228 veru
1788 1164 1919 1229 dedisse

382 1281 502 1361 littora,
522 1287 613 1359 prout
635 1277 825 1360 mutabatur,
846 1277 965 1340 dicitur.
1004 1277 1138 1339 Meliora
1161 1287 1264 1339 ιοιιιοιι
1296 1295 1354 1338 nos
1382 1277 1486 1340 docuit
1515 1277 1660 1345 doctori
1681 1279 1918 1364 adaequat

380 1393 479 1455 verba
497 1393 623 1455 minime
652 1391 789 1454 difficilia
816 1391 974 1454 intellectu
992 1391 1034 1452 ite
1057 1400 1297 1454 commentatur:
1324 1393 1465 1477 „„lllibil
1491 1403 1640 1456 mutmem
1667 1395 1753 1474 (scil.
1782 1397 1916 1476 lunger-

379 1526 511 1571 mannus
527 1509 705 1589 proposuit:
733 1509 869 1583 certus.)
890 1507 1017 1569 Ventus
1038 1526 1099 1568 non
1118 1507 1247 1587 impellit
1268 1517 1373 1570 certos
1398 1507 1527 1592 fluctus,
1561 1509 1592 1571 id
1616 1519 1683 1591 est,
1715 1511 1866 1593 aequales
1885 1523 1915 1574 et

377 1626 458 1686 inter
480 1641 518 1685 se
534 1623 674 1700 similes,
702 1622 762 1684 sed
785 1630 816 1684 ut
835 1623 1070 1702 intempestate
1093 1620 1160 1683 fieri
1178 1621 1276 1703 solet,
1300 1623 1352 1703 qui
1371 1623 1463 1685 modo
1487 1624 1526 1685 ad
1547 1623 1668 1686 caelum
1692 1642 1806 1688 navem
1833 1647 1915 1689 eve·

377 1741 470 1822 bunt,
500 1743 592 1800 modo
618 1736 658 1799 ad
687 1737 813 1800 tuntum
846 1737 1027 1819 deprimunt.
1077 1735 1264 1818 tttiquando
1286 1738 1420 1798 remissa
1447 1739 1495 1822 vi,
1530 1748 1563 1801 ut
1589 1738 1732 1820 videtur,
1759 1743 1914 1820 procellae

378 1855 533 1938 minores,
554 1853 667 1915 deinde
687 1853 820 1915 saevitia
835 1862 998 1915 ventorum
1018 1852 1183 1932 ingruente
1204 1852 1340 1914 maiorer
1359 1852 1472 1915 fluctus
1490 1871 1576 1915 maro
1590 1854 1747 1916 volvit.””

451 1968 628 2032 Chrestom.
646 1988 678 2049 p.
699 1967 770 2032 tte
790 1965 949 2048 probanda
974 1965 1121 2028 videntur
1143 1965 1238 2029 baec:
1270 1967 1439 2048 „Scriptor
1461 1968 1599 2030 incertus
1618 1967 1848 2033 Consolationis
1872 1971 1912 2034 ad

379 2085 501 2146 Liviam
521 2084 611 2166 lingit
630 2101 699 2145 eam
719 2085 750 2144 in
769 2091 868 2145 morto
888 2082 983 2144 Drusi
1004 2088 1205 2178 querentem,
1226 2080 1307 2163 quod
1331 2081 1383 2142 lilii
1402 2089 1518 2143 tantum
1532 2081 1671 2146 cadaver
1686 2085 1774 2146 matri
1792 2086 1912 2150 licuerit

372 2199 529 2281 amplecti,
549 2216 652 2281 neque
664 2198 696 2261 id
711 2197 772 2278 diu,
793 2215 863 2260 cnm
882 2197 1021 2260 cadaver
1034 2197 1135 2276 ipsum
1150 2214 1228 2277 rogo
1242 2207 1332 2258 esset
1347 2196 1435 2258 brevi
1449 2197 1701 2262 combmeudum.
1721 2201 1828 2263 Versu
1839 2201 1910 2264 134.

374 2323 506 2395 questus
525 2331 602 2376 suos
621 2313 713 2374 bivia
729 2311 845 2393 profert
867 2312 957 2374 bisce
974 2311 1100 2373 verbis:

725 2421 789 2490 flio
803 2435 928 2504 pietatis
947 2427 1070 2488 bonos?
1090 2430 1189 2488 Artas
1208 2433 1377 2502 amplector
1396 2435 1523 2503 inanes,-

791 2550 831 2606 llt
851 2554 942 2604 cocat
961 2547 1017 2603 bos
1037 2549 1123 2618 ipsos
1140 2543 1265 2616 flamma
1285 2559 1442 2618 repascere
1460 2561 1547 2602 suaa.

367 2665 414 2725 lta
435 2661 642 2725 exbibuerunt
668 2661 882 2723 Bersmannus
903 2657 932 2718 in
952 2665 1112 2737 postrema
1138 2657 1272 2718 editione
1298 2655 1411 2738 aliique
1439 2666 1510 2718 ante
1537 2675 1624 2718 eum:
1658 2667 1691 2719 et
1718 2677 1757 2719 ea
1785 2661 1908 2722 videtur

365 2795 444 2839 vora
457 2777 569 2860 lectio,
589 2778 620 2836 in
641 2793 703 2857 que
724 2774 797 2836 nihil
814 2773 1004 2836 difficultatis
1022 2772 1105 2832 inest
1126 2789 1186 2832 nec
1207 2769 1411 2832 tenebrarum.
1450 2771 1569 2834 Postea
1583 2792 1698 2858 errore,
1718 2783 1752 2836 nt
1769 2784 1906 2840 statuere

366 2894 456 2975 licet,
477 2890 723 2974 typographico,
745 2889 848 2968 coepit
870 2887 1047 2961 ediceret,
1069 2904 1130 2968 quo
1152 2884 1221 2946 loco
1243 2894 1315 2946 mite
1330 2884 1492 2966 legebatur
1507 2897 1605 2948 cocat.
1626 2887 1666 2948 m
1685 2887 1733 2950 sic
1752 2890 1905 2950 sententie

364 3009 500 3070 intricari
521 3017 552 3070 et
576 3005 735 3068 obscurari
763 3002 884 3086 coepit,
910 3002 961 3062 cui
983 3009 1017 3061 ut
1043 3000 1145 3061 lucem
1170 2997 1384 3062 tenerarentur
1400 2999 1552 3063 Heinsius
1582 3012 1614 3064 et
1632 3002 1807 3064 Bnrmanus
1826 3022 1906 3064 ocae

365 3132 518 3185 mutarunt
544 3123 575 3183 in
596 3127 693 3182 amur.
731 3121 828 3181 Nunc
844 3118 936 3200 igitur
959 3116 1088 3198 legitur:

691 3240 768 3294 ·lltc
785 3239 910 3322 pictatia
930 3231 1051 3291 corruet
1071 3231 1170 3290 Artas
1189 3235 1359 3306 amplector
1380 3238 1504 3308 inanes,

785 3353 826 3408 m
845 3357 936 3407 corat
954 3351 1011 3406 boa
1031 3351 1115 3419 tpror
1130 3345 1257 3418 flammo
1278 3363 1435 3422 ropaspae
1454 3351 1550 3405 rinus.

365 3469 475 3550 anue
495 3467 613 3528 radone
634 3485 652 3526 e
674 3471 864 3546 pentametro
884 3469 992 3543 aperto
1012 3457 1145 3520 etfacit
1165 3457 1268 3521 lactus
1289 3469 1339 3521 est
1358 3477 1474 3521 versus
1495 3460 1677 3523 obscurus.”

439 3582 516 3666 Cap.
538 3580 608 3644 tet.
649 3592 711 3642 tam
746 3583 845 3640 dctcrb
877 3595 973 3637 annua
991 3576 1188 3652 pertentabat
1206 3582 1303 3652 aera,
1339 3585 1375 3634 ut
1390 3585 1523 3653 putores
1554 3582 1636 3635 inter
1665 3594 1765 3634 ouras
1789 3595 1901 3636 canere

361 3704 511 3759 Strenuo:
524 3695 746 3778 concordiam}
767 3693 886 3778 „Varie
902 3691 983 3752 bacc
1003 3690 1111 3770 legunt
1131 3699 1163 3751 et
1184 3689 1341 3770 explicent
1359 3699 1629 3752 commentatores.
1669 3688 1900 3752 Celeberrimus

359 3815 556 3875 Burmannus
581 3810 666 3872 dedit
685 3811 851 3872 lectionem
871 3825 962 3889 quam
984 3805 1189 3886 exhibemus,
1211 3813 1243 3865 et
1266 3811 1348 3865 inter
1367 3825 1466 3866 caros
1489 3804 1638 3883 explicat:
1668 3805 1803 3890 „„Leui
1830 3806 1901 3886 spi-

357 3937 445 3990 rante
467 3945 558 4002 aura,
586 3944 667 4008 quae
698 3926 773 3987 vice
804 3923 993 3987 musicorum
1019 3922 1290 3982 instrumentorum
1324 3919 1562 3982 modulationem
1590 3919 1734 3982 Sirenum
1761 3921 1899 3985 adiuvat.

357 4045 403 4105 lte
420 4050 502 4104 tuter
526 4059 682 4119 acernum,
716 4047 798 4101 inter
818 4049 954 4113 noctua,
990 4045 1068 4098 tuter
1098 4051 1224 4094 coenam
1254 4043 1286 4095 et
1314 4034 1424 4096 similia
1452 4033 1572 4113 passim
1594 4043 1768 4098 occurrunt
1807 4037 1897 4120 „„ln

358 4157 469 4240 quibus
487 4167 590 4219 tamen
611 4153 751 4215 omuibus
773 4153 952 4234 exprimitur
973 4151 1105 4231 spatium
1134 4149 1283 4228 temporis
1304 4159 1356 4210 aut
1377 4147 1457 4231 loci,
1487 4156 1520 4208 ut
1540 4145 1740 4210 Grammatici
1760 4149 1895 4231 loquun-

356 4283 423 4357 tur,
446 4271 528 4355 quod
549 4278 630 4331 inter
649 4287 746 4328 aurea
767 4269 880 4330 nullum
901 4277 959 4328 cst.
1000 4263 1105 4342 Quare
1126 4272 1213 4324 intus
1235 4282 1347 4342 oteres,
1370 4261 1453 4344 quod
1472 4263 1699 4325 Sambuci'cst
1730 4272 1761 4325 et
1784 4264 1896 4348 Codtl,

354 4388 604 4470 praeferremus,
635 4384 662 4445 si
690 4401 748 4464 per
774 4382 982 4445 Burmannum
1008 4381 1135 4465 liceret,
1165 4381 1215 4462 qui
1248 4382 1321 4443 dicit
1344 4378 1374 4439 id
1406 4377 1569 4440 obscurius
1596 4376 1653 4438 sibi
1682 4377 1781 4440 videri
1803 4398 1893 4461 quam

353 4513 434 4566 mter
453 4521 557 4562 curer.
597 4501 728 4564 Scilicet
752 4505 837 4558 tatur
858 4515 953 4558 aurea
973 4507 1039 4576 est,
1070 4495 1152 4576 quod
1177 4513 1236 4557 uos
1254 4494 1424 4557 vernacule
1443 4494 1575 4556 dicimus
1598 4495 1706 4552 mittun
1730 4499 1781 4554 tlte
1802 4515 1890 4572 eorr,

354 4619 474 4680 sivein
496 4616 574 4696 ipsis
595 4615 729 4676 auribus.
769 4613 910 4693 'l'otaque
931 4611 1060 4674 formula
1080 4613 1122 4672 ita
1143 4620 1215 4692 apte
1236 4609 1510 4673 circumscribitur:
1536 4611 1576 4668 Ut
1600 4613 1741 4668 ridet-ere
1769 4617 1799 4670 tn
1820 4617 1895 4684 ipris

350 4737 479 4822 curibus
501 4737 611 4792 audire
632 4733 844 4808 symphoniam
861 4733 1008 4788 Sirenum
1026 4735 1242 4787 strumentorum
1262 4727 1341 4787 cct.'’
