4224 5558
763 971 1033 1050 CAPUT
1095 973 1148 1051 II.

268 1219 452 1281 Postremus
465 1217 602 1282 Petronii
615 1219 725 1306 editor,
746 1221 913 1308 Antonius,
929 1239 1059 1301 prorsus
1073 1221 1214 1304 neglexit
1228 1225 1352 1286 satiram
1362 1224 1445 1287 illam
1460 1227 1725 1311 contumeliosam,

194 1349 274 1418 quae
296 1333 446 1414 inscripta
472 1344 537 1396 eet:
571 1339 817 1396 Cbreatomatbic
836 1340 1254 1398 Petronio-uomendum
1273 1349 1328 1400 oei.
1349 1344 1527 1420 Florentiae
1546 1342 1726 1421 (Amatelo-

193 1447 292 1528 dami)
312 1447 405 1512 1⁷34.
423 1447 471 1534 8.,
502 1466 582 1532 quae
604 1449 775 1512 attribuitur
798 1450 910 1512 laaaoo
928 1449 1118 1532 Verbnrgio.
1128 1452 1157 1531 ¹)
1196 1450 1303 1516 Pauca
1329 1461 1432 1517 umen
1460 1457 1613 1537 quaedam
1637 1460 1668 1521 in
1688 1479 1727 1522 ea

192 1564 403 1651 reperiuntur,
437 1581 518 1647 quae
546 1563 773 1627 aane'meliora
793 1575 866 1628 sunt
886 1565 1187 1647 interpretationibus
1209 1567 1466 1650 burmannianie,
1498 1589 1538 1634 ac
1563 1584 1727 1656 propterea

195 1675 316 1766 addito,
334 1678 386 1741 ubi
400 1653 480 1762 opus
495 1677 678 1764 videbatur,
698 1689 804 1743 noeto
826 1679 940 1744 iudicio
955 1697 1130 1762 excerpere
1149 1681 1261 1763 placet.

231 1947 261 2006 1)
296 1949 393 2000 Nullas
411 1949 459 1999 vel
476 1949 574 2000 saltem
591 1961 720 2013 perquam
738 1953 852 2016 exiguas
869 1951 910 2000 ui.
929 1949 1125 2000 llemsterbusii
1142 1955 1235 2014 partes
1252 1953 1281 2000 in
1298 1951 1349 2001 boc
1368 1951 1463 2002 libello
1482 1954 1567 2004 luisse
1583 1956 1647 2006 mibi
1664 1968 1727 2018 per-

298 2055 407 2092 suasum
425 2045 481 2092 est:
508 2055 569 2094 nam
587 2043 636 2093 ille
662 2045 767 2106 quidem
795 2045 877 2093 etiam
894 2045 918 2092 ι1
936 2045 1010 2092 vires
1026 2055 1091 2093 sum
1117 2043 1241 2094 consulto
1260 2047 1449 2110 extenuasset,
1481 2049 1568 2097 tamen
1588 2049 1728 2101 doctrinae

299 2129 391 2202 copial,
412 2137 515 2200 ingenii
532 2135 684 2187 subtilitate
701 2137 785 2200 longe
802 2136 886 2187 aliter
903 2137 1039 2187 obnusset
1055 2137 1199 2187 inimicum.
1246 2139 1329 2187 immo
1356 2141 1415 2188 totu
1432 2139 1486 2190 ista
1501 2141 1592 2202 opinio
1611 2143 1727 2192 obscura

302 2227 394 2290 aliqua
410 2229 484 2280 lama
499 2231 533 2280 de
550 2229 705 2294 simultate,
735 2241 804 2292 quae
821 2230 906 2280 tuerit
931 2231 1004 2278 iuter
1020 2230 1249 2280 llemsteriiusium
1276 2231 1305 2280 et
1322 2231 1517 2296 bumannum,
1542 2235 1593 2282 niti
1609 2235 1726 2286 videmr.

299 2318 356 2372 Gir.
375 2321 452 2372 sexti
470 2322 671 2374 onomaticon.
689 2323 753 2373 vol.
765 2323 792 2370 d.
811 2336 838 2385 p.
853 2320 919 2370 474.
938 2321 1109 2372 incredibilis
1127 2317 1275 2386 ἀβλιψιιις
1292 2324 1454 2376 documenta
1470 2327 1603 2388 quomodo
1622 2329 1728 2378 dedam

300 2417 483 2480 numeneus,
509 2418 643 2466 monstrat
668 2417 727 2468 eius
753 2418 905 2466 inseotmer
920 2430 947 2479 p.
966 2413 1010 2464 it.
1029 2414 1276 2484 „mollem-eles
1292 2417 1414 2468 lacernis
1431 2418 1618 2472 occidantidua
1638 2422 1726 2472 οὶαιιι

297 2505 463 2574 infoderat]
492 2511 584 2560 Verba
600 2511 654 2560 ista
672 2509 813 2572 explicans
830 2508 1075 2559 excellentissimus
1092 2511 1299 2572 commentator,
1319 2511 1392 2559 inter
1408 2509 1465 2560 alia
1482 2513 1523 2561 ita
1539 2512 1634 2563 babet:
1663 2516 1727 2578 „lie

297 2602 489 2664 superstitiose
503 2605 594 2652 autem
614 2615 695 2667 cura,
713 2615 748 2652 ne
766 2603 991 2665 extinguerentur
1006 2601 1151 2664 lucernae,
1169 2603 1301 2664 capienda
1317 2601 1366 2652 illa
1384 2601 1474 2652 Ovidii
1490 2603 1576 2666 Epist.
1596 2603 1646 2668 ia,
1665 2605 1725 2655 toi.

298 2695 372 2747 Broc
388 2707 493 2748 merant
510 2694 610 2746 arcio
625 2693 737 2758 faustos
754 2695 877 2746 imtiuut
893 2695 923 2745 ιἰι
940 2691 1047 2760 ipsust
1082 2695 1205 2757 Arrigite
1221 2705 1311 2758 aures,
1329 2695 1489 2758 paedagogi,
1506 2708 1542 2746 ne
1559 2699 1725 2748 Burmannus

298 2789 372 2838 dieat
388 2789 461 2838 torte
479 2799 530 2837 vos
547 2787 613 2837 nibil
631 2799 713 2850 posse
730 2790 861 2852 affigere.
879 2790 923 2838 An
939 2787 1030 2838 locum
1047 2787 1138 2838 ovidii
1154 2781 1290 2849 prolatum
1306 2787 1463 2852 intelligere
1476 2801 1591 2852 unquam
1601 2790 1726 2843 licuisset

296 2882 390 2946 vobis,
416 2883 468 2930 nisi
484 2893 597 2944 magnus
614 2881 695 2931 beros
712 2893 814 2932 merum
839 2883 868 2932 in
882 2883 961 2945 mes
977 2871 1189 2932 instillavimeti
1225 2877 1378 2942 capiendus
1405 2885 1449 2932 est
1473 2882 1552 2935 locus
1577 2885 1611 2934 de
1629 2897 1726 2948 super-

299 2975 409 3023 stitiosa
426 2985 508 3036 cura,
525 2985 561 3023 ne
578 2976 802 3038 extinguerentur
818 2974 956 3025 lucernae
991 2975 1022 3023 id
1039 2977 1211 3024 mementote.
1248 2975 1313 3024 Scio
1330 2988 1380 3024 vos
1396 2978 1552 3041 putavisse,
1582 2979 1725 3042 tamquam

300 3079 354 3130 ego
371 3067 424 3117 boo
442 3067 521 3116 vobis
538 3067 700 3129 iudicaram,
727 3065 818 3116 Ovidii
835 3066 926 3116 locum
942 3068 1080 3129 pertinere
1097 3067 1132 3115 ad
1149 3068 1247 3116 omina.
1281 3067 1406 3116 Lucerna
1423 3067 1512 3117 lienus
1529 3071 1647 3130 sternuit
1669 3072 1725 3130 (di-

298 3161 374 3216 citis)
393 3162 422 3211 et
439 3161 501 3210 visa
518 3162 561 3210 est
578 3161 619 3210 ita
636 3160 743 3210 dedisse
761 3171 892 3222 prospera
908 3161 1001 3224 signa,
1030 3170 1098 3221 quae
1121 3158 1239 3208 Leandri
1256 3159 1401 3208 adventurn
1422 3162 1630 3222 portendebant:
1662 3177 1727 3226 pro-

299 3256 397 3315 pterea
412 3253 504 3304 nutrix
522 3252 662 3316 paululum
679 3254 735 3302 vini
751 3254 892 3316 adspergit
907 3252 1045 3316 lucernae,
1063 3254 1094 3301 ut
1111 3253 1216 3302 damma
1232 3253 1341 3314 saepius
1358 3255 1521 3318 sternmret,
1539 3257 1568 3304 et
1584 3257 1625 3305 ita
1637 3257 1727 3306 omina

299 3357 433 3408 prospera
449 3345 594 3408 annunties
611 3349 751 3409 repeteret
768 3349 833 3396 vino
851 3349 995 3410 adsperso,
1012 3349 1043 3396 ut
1059 3344 1147 3408 solet,
1165 3357 1181 3394 e
1199 3347 1321 3396 veterum
1338 3347 1531 3408 superstitione
1543 3350 1577 3398 de
1588 3351 1726 3402 minuu-

298 3439 426 3490 tionibus.
462 3439 514 3504 st,
540 3442 650 3506 eboni,
680 3443 818 3503 poeniteat
846 3453 897 3489 vos
915 3439 1065 3489 foedissimi
1091 3440 1200 3488 erroris.
1237 3439 1329 3488 Verba
1357 3440 1411 3488 ista
1439 3444 1502 3490 suut
1532 3443 1662 3504 capienda
1690 3443 1724 3491 de

298 3534 495 3595 superstitiosa
512 3543 592 3595 cura,
621 3545 655 3581 ne
673 3536 896 3596 extinguerentur
912 3531 1050 3582 lucernae.
1085 3534 1128 3582 An
1154 3543 1208 3581 nou
1238 3533 1305 3580 satis
1323 3535 1380 3595 est,
1408 3534 1477 3594 qnod
1495 3536 1530 3585 ab
1548 3535 1653 3584 bomine
1671 3548 1725 3586 uno

299 3629 361 3688 post
390 3625 511 3675 homines
537 3626 616 3674 natos
646 3626 824 3682 (doctissimo
842 3626 951 3674 videtur
968 3626 1135 3681 excidisse2]
1165 3627 1191 3674 id
1221 3615 1374 3674 docemini?
1403 3627 1502 3676 Vinum
1527 3627 1617 3677 dicitis
1634 3629 1724 3691 aptius

298 3718 428 3768 lucernae
446 3717 645 3782 extinguendam
664 3729 740 3778 quam
757 3719 851 3768 lumini
869 3719 1070 3784 conservando,
1088 3719 1156 3780 quod
1175 3730 1226 3767 vos
1244 3716 1307 3766 oleo
1325 3717 1383 3768 lieri
1402 3718 1497 3768 melius
1515 3721 1678 3770 contenditis
1697 3725 1725 3772 et

299 3813 361 3862 ideo
379 3812 467 3861 mino
482 3823 577 3862 mnus
594 3811 684 3860 metas
703 3811 767 3861 dare
784 3813 925 3862 mensotis
962 3809 1058 3872 capite
1074 3812 1158 3873 igitur
1174 3823 1280 3861 mmm
1297 3811 1325 3858 in
1343 3811 1405 3862 loco
1424 3810 1514 3862 Ovidii
1531 3825 1581 3874 pro
1599 3813 1677 3878 oleo,
1694 3821 1724 3864 ut

300 3904 381 3968 plane
398 3905 427 3954 in
445 3916 479 3953 eo
497 3905 629 3968 videatis,
647 3903 717 3966 quod
736 3905 847 3955 eximius
864 3907 1000 3966 interpres
1017 3899 1110 3953 vidit.”
1139 3927 1174 3938 -
1202 3905 1230 3952 Ρ.
1251 3902 1293 3951 17.
1310 3905 1400 3968 „Peg
1420 3903 1465 3952 93.
1483 3907 1589 3956 erudite
1612 3909 1723 3958 adnotat

298 3999 342 4047 vir
359 4009 491 4062 summus,
507 3998 677 4060 horologium
694 3997 779 4046 luisse
795 3999 823 4045 in
839 3999 900 4047 iore
919 3997 1040 4046 Romane
1057 3997 1117 4046 sive
1134 3997 1273 4060 solarium,
1291 3996 1381 4058 qualia
1399 4001 1463 4047 tunc
1474 4000 1589 4048 nondum
1605 4003 1722 4062 repertis

299 4090 464 4153 horologiis,
481 4102 549 4151 quae
567 4089 664 4140 rotulis
682 4091 839 4152 moventur,
857 4091 884 4139 in
903 4103 951 4140 usu
970 4093 1056 4146 eraut
1082 4090 1201 4139 Necesse
1221 4070 1284 4152 init,
1303 4093 1332 4138 ut
1349 4092 1375 4138 ln
1394 4091 1459 4141 aere
1476 4096 1572 4155 aperto
1590 4092 1723 4143 baberen-

302 4189 359 4247 tur,
386 4184 511 4246 quonlam
528 4186 622 4234 umbra
639 4182 707 4233 solls
731 4183 868 4233 indicabat
893 4185 981 4235 boras.
1017 4182 1103 4233 Multo
1129 4183 1212 4246 igitur
1237 4175 1414 4232 admiratione
1435 4185 1541 4247 dignum
1566 4188 1623 4248 est,
1652 4187 1721 4247 quod

202 4333 205 4340 Δ
300 4278 429 4326 ἀιοιιιιιιι·
445 4277 497 4326 boc
513 4275 578 4325 loco
596 4275 821 4326 Tnmalcbionem
848 4277 878 4325 in
906 4277 1025 4326 triennio
1054 4275 1181 4337 privatim
1206 4274 1373 4338 horologium
1396 4279 1567 4328 saluterioum
1590 4278 1722 4328 babuisse.

299 4371 407 4420 {lunam
425 4369 671 4433 praestantissimus
688 4371 928 4420 commentatorum
945 4371 1104 4434 addidisset,
1134 4379 1186 4430 qua
1203 4369 1310 4420 ratium
1326 4371 1396 4418 radii
1412 4370 1480 4420 solis
1497 4369 1524 4418 id
1542 4381 1591 4430 per
1608 4368 1720 4420 triclinii

300 4464 434 4512 leuem
452 4460 578 4514 lenirent!
606 4473 667 4512 nem
692 4462 758 4512 iilud
777 4464 816 4512 lta
835 4463 991 4524 dispositum
1009 4465 1076 4524 luit,
1106 4464 1135 4511 ut
1153 4465 1211 4510 toto
1241 4463 1284 4512 die
1310 4464 1379 4512 radii
1405 4461 1472 4511 solis
1494 4463 1521 4510 in
1540 4463 1674 4522 privatum
1692 4465 1718 4511 id

301 4553 506 4606 Trimalchionis
528 4554 698 4618 horologium
715 4557 874 4606 inciderent
910 4552 986 4619 Quod
1005 4559 1029 4604 ri
1046 4553 1187 4618 argutulus
1204 4558 1263 4617 quis
1281 4556 1353 4603 dicat
1371 4553 1541 4614 clepsydram
1560 4555 1659 4622 luisse,
1677 4553 1719 4603 iili

302 4649 459 4712 opponimus
477 4649 619 4700 Burmanni
638 4649 826 4714 eruditionem,
844 4650 948 4699 nonde
967 4649 1124 4712 clepsydra,
1142 4649 1190 4699 sed
1208 4651 1241 4698 de
1259 4645 1416 4710 horologio,
1435 4645 1514 4708 quale
1535 4649 1561 4696 in
1577 4649 1639 4697 foro
1658 4647 1717 4710 11111,

301 4737 485 4806 expitomtu.’‘
