4224 5558
1730 384 1756 462 3

134 591 136 596 -
214 547 349 610 maxima
368 563 439 611 curn
456 545 596 608 libertate
611 545 790 628 vituperant
811 554 952 625 tempora
964 553 1108 628 corrupta
1127 546 1372 624 (exclamantem
1393 547 1449 632 „0
1465 553 1620 629 tempora!
1640 570 1659 614 o
1680 571 1751 616 rno-

212 659 330 737 rcsi”)
348 659 409 740 ipsi
425 669 528 729 tamen
544 661 697 722 interdurn
716 659 850 740 pecunia
872 669 1073 739 corrumpere·
1094 658 1216 724 ludices
1235 653 1347 724 solent.
1386 661 1428 724 V.
1449 670 1615 726 traducere
1638 665 1750 729 eodem

213 771 395 852 significatu
417 782 467 836 est
488 773 526 836 c.
547 771 596 835 rr.
941 749 943 756 ’

289 884 328 948 C.
349 884 400 948 lt.
438 892 563 946 attoniti
575 893 782 963 spectaremur
801 889 948 946 taurianae
960 893 1004 948 aut
1022 869 1256 950 ostentationem
1269 891 1385 948 doloris
1400 889 1555 968 paratas]
1575 887 1750 971 Repunen-

213 997 286 1060 dum
306 1014 349 1059 ex
375 997 414 1060 C.
436 1000 461 1052 a
477 1005 601 1059 attoniti
617 979 867 1076 respectorimao
890 998 982 1078 (scil.
1012 999 1114 1062 donec
1132 999 1236 1064 finitae
1255 1001 1388 1080 essent)
1409 1007 1557 1068 inararem
1582 1009 1626 1066 ad
1642 1015 1749 1066 orten-

211 1117 329 1172 rionem
349 1118 378 1172 a.
395 1132 427 1188 p.
449 1117 665 1188 Spectarimaa
682 1129 769 1174 mera
788 1121 839 1176 eat
861 1111 1011 1174 Sambuci
1034 1113 1131 1198 coni,
1158 1122 1189 1175 et
1208 1120 1413 1176 aeterniorem
1429 1114 1459 1178 lr.
1479 1116 1500 1178 l.
1519 1115 1615 1200 longe
1647 1118 1750 1198 aptius

211 1241 301 1304 voc„
328 1241 419 1306 quarn
440 1231 682 1286 ostentationem
715 1259 753 1270 -
781 1234 844 1286 tam
866 1231 1044 1302 periculoso
1073 1230 1219 1288 irrtmrrai
1244 1230 1383 1308 fripore,
1421 1238 1458 1288 at
1482 1237 1635 1292 tertianae
1657 1237 1749 1292 etiam

210 1335 357 1413 taipetam
377 1337 537 1416 terrerem]
557 1338 764 1401 scribendum
785 1355 827 1400 ex
842 1337 921 1400 Cud.
937 1337 1093 1402 Auusiod.
1114 1345 1236 1400 tioream
1257 1341 1475 1420 (etiamnunc).
1493 1341 1651 1421 (tiroebaua
1661 1343 1699 1408 C.
1717 1353 1750 1428 et

209 1447 470 1528 crasmaro.)
499 1482 537 1494 -
560 1471 601 1539 ae
612 1456 730 1512 cadmei
746 1457 876 1512 iureaiti
890 1457 1016 1529 irapaiai
1032 1457 1157 1514 licentia
1164 1497 1175 1531 ,
1196 1427 1285 1530 paod'
1298 1459 1331 1514 ia
1346 1459 1461 1514 sacello
1484 1460 1595 1532 Priapi
1613 1463 1747 1536 ridiutrb,

208 1567 337 1636 ratpero
356 1567 547 1639 deorumque
561 1568 692 1627 canaida
704 1567 878 1640 proferatis
893 1569 926 1624 ia
937 1565 1119 1644 papatum]
1136 1565 1217 1646 laag.
1228 1584 1300 1628 oum
1317 1565 1355 1630 C.
1373 1568 1523 1649 aliisque:
1544 1569 1570 1621 ὖ
1580 1588 1620 1630 ae
1631 1575 1751 1658 radicet

207 1680 337 1736 iaoeuiti
353 1680 488 1752 impalea
503 1681 674 1754 licentiam,
695 1695 789 1753 paam
806 1683 838 1738 ia
852 1682 966 1738 sacello
977 1682 1089 1754 Prr'api
1100 1684 1228 1757 aidiatir,
1249 1649 1377 1754 coipetio
1396 1687 1505 1758 deipae
1522 1673 1607 1760 (scil.
1622 1672 1743 1763 Priapi)

207 1792 339 1848 concilia
358 1786 430 1866 (sic
453 1787 633 1850 emendavit
650 1789 839 1867 Heinsiusz)
856 1793 1030 1866 proferatis
1053 1796 1086 1850 in
1102 1797 1260 1867 populum.
1295 1824 1331 1837 -
1362 1803 1407 1853 tot
1424 1814 1581 1856 annorum
1611 1807 1742 1873 recreta,
1804 1795 1808 1803 ’

206 1919 288 1976 puae
302 1909 422 1980 mystae
432 1908 489 1960 ran
502 1920 608 1962 amaea
620 1903 760 1980 norant]
771 1903 829 1965 list
843 1920 904 1966 uua
916 1920 958 1964 ex
968 1902 1200 1965 incredibilibus
1214 1904 1274 1966 illis
1286 1906 1486 1992 coniecturis,
1500 1925 1580 1988 quas
1595 1907 1746 1970 debemus

206 2011 350 2076 Goldaati
371 1989 545 2098 sollertiae,
565 2033 636 2076 oum
659 2014 759 2078 Codd.
780 2014 889 2095 (ctiam
910 2015 965 2094 C.)
985 2016 1134 2078 babeant:
1155 2019 1181 2071 a
1194 2023 1368 2096 paaeaar'tte
1385 2026 1441 2078 rin
1460 2023 1598 2080 tmaairrea
1617 2031 1743 2081 aurant.

282 2124 320 2189 C.
340 2124 393 2190 26.
432 2131 639 2189 camararebat
654 2134 783 2203 ratpiter
804 2127 916 2207 labro]
935 2131 961 2183 ὕ
980 2134 1188 2190 commonebat
1205 2135 1302 2192 obiter
1321 2136 1411 2192 labra
1425 2117 1462 2194 C.
1477 2140 1509 2194 et
1526 2133 1624 2195 ceteri
1642 2132 1744 2195 Codd.

204 2241 277 2302 noti.
317 2239 385 2302 Sed
400 2241 596 2304 Burmannus
614 2245 745 2314 eatpiter
766 2241 888 2304 intrusit
905 2259 946 2304 ex
967 2243 1134 2322 unigentio
1153 2244 1322 2340 Planciade
1338 2265 1369 2328 p.
1390 2244 1462 2310 566.
1483 2247 1585 2308 Marc.
1605 2246 1745 2331 „Valgia

204 2362 277 2416 aunt
297 2353 477 2415 labellorum
502 2340 693 2415 obtortiones
721 2353 753 2415 in
781 2353 944 2416 subatione
965 2365 1123 2436 peractae.
1164 2356 1220 2419 Sic
1248 2357 1415 2420 Petronius
1443 2357 1584 2420 Arbiter:
1616 2363 1743 2422 Obtorto

202 2471 335 2540 uatpiter
358 2463 497 2527 taietta.‘’
536 2465 605 2530 Sed
623 2475 727 2548 certe,
760 2467 789 2528 si
807 2467 861 2529 vel
891 2469 1026 2530 maxime
1048 2469 1106 2532 tria
1126 2469 1206 2532 haec
1238 2469 1337 2534 verba
1361 2471 1433 2534 olirn
1454 2470 1639 2553 legebantur
1659 2448 1742 2553 apud

202 2577 398 2663 Petroniam,
418 2577 566 2641 diversus
589 2577 646 2642 luit
667 2580 757 2643 locus
769 2581 807 2642 ab
824 2599 879 2660 eo,
900 2601 962 2662 quo
985 2581 1025 2644 de
1044 2582 1156 2664 agitur.
1194 2581 1314 2644 Verum
1338 2583 1482 2646 falsarius
1502 2583 1563 2645 iste
1577 2584 1742 2669 vocabula,

200 2691 306 2775 libros,
326 2692 497 2772 scriptores
516 2712 573 2772 pro
591 2692 686 2754 lubitu
703 2693 863 2776 confinxit,
883 2693 1000 2775 luitque
1025 2694 1147 2755 omniuo
1164 2713 1338 2774 perversae
1357 2695 1438 2756 illius
1458 2691 1741 2760 Grammaticorum

201 2805 473 2885 semipagauortnn
495 2813 621 2890 sectae,
642 2805 694 2886 qui
707 2823 768 2886 quo
781 2805 991 2886 imperitorum
1010 2805 1243 2877 admirationem
1264 2807 1437 2870 excitarent
1459 2826 1580 2890 eosque
1596 2787 1742 2872 ludilica·

179 2967 180 2970 ,
200 2925 303 2979 rentur
322 2917 450 2998 seculo,
474 2926 508 2978 ut
527 2918 675 3001 arbitror,
701 2927 794 2982 sexto
814 2919 868 2980 vel
885 2921 1036 3004 septimo,
1062 2921 1254 2984 incredibilia
1277 2920 1444 2984 commenti
1468 2931 1541 2985 sunt
1560 2923 1741 2986 eruditionis

198 3036 339 3091 monstra
359 3028 538 3092 nominatim
557 3029 588 3090 in
611 3031 830 3114 scriptoribus,
850 3033 902 3112 qni
922 3050 1078 3113 rrunquam
1101 3033 1264 3118 vixerunt,
1284 3033 1513 3116 excogitandis.
1553 3036 1656 3098 Huius
1675 3053 1741 3116 ge-

199 3143 284 3204 neris
311 3151 414 3205 autem
441 3151 566 3222 praeter
590 3142 790 3222 Fulgentium
813 3141 936 3206 fuerunt
968 3143 1241 3223 Pseudovirgilius
1265 3155 1296 3209 et
1324 3147 1616 3228 Pseudoappuleius
1645 3149 1740 3230 Maii,

149 3331 151 3334 Ι
199 3254 380 3318 Scholiasta
395 3255 426 3315 in
436 3255 541 3317 Ovidii
561 3255 637 3342 lbin,
654 3253 868 3339 Geographus
882 3255 1067 3344 Ravennae,
1087 3257 1139 3339 qui
1153 3256 1333 3340 frequenter
1346 3255 1520 3322 Gothorum
1535 3261 1740 3342 nescioquas

198 3367 403 3448 philosophos
423 3365 462 3428 ad
480 3377 586 3447 partes
602 3379 706 3432 vocat.

274 3480 312 3544 C.
326 3479 378 3546 30.
417 3485 619 3554 interrupere
638 3501 711 3556 erpo
728 3488 895 3544 atrieaacm
913 3491 1015 3562 coepi,
1040 3503 1120 3562 puae
1140 3491 1172 3545 ia
1186 3491 1284 3547 medio
1296 3485 1439 3562 picturae
1452 3479 1610 3549 tacerent
1637 3479 1739 3549 ltiada

197 3605 228 3656 et
251 3598 421 3673 odysseam
442 3596 610 3672 (eamearn
622 3591 677 3672 Ο.)
697 3615 736 3656 ac
754 3601 905 3658 Laermtia
918 3602 1138 3672 ptadratoriam
1155 3575 1284 3660 rituam.¹
1318 3605 1390 3660 Noa
1413 3604 1523 3661 tirebat
1542 3605 1656 3660 mattae
1678 3606 1740 3660 iam

196 3707 427 3785 cananaeam]
449 3706 566 3790 codd,
587 3707 679 3768 ctiam
697 3706 735 3770 C.
754 3715 932 3770 mattaeiam
954 3716 1163 3772 considerare.
1184 3711 1227 3773 V.
1237 3711 1276 3773 D.
1287 3712 1318 3774 in
1334 3728 1433 3793 marg.
1453 3711 1514 3774 moi
1529 3713 1736 3793 exemplaris:

196 3824 231 3879 lt.
257 3824 433 3880 matriamen.
473 3819 687 3906 Intelligcbat,
717 3827 749 3882 ut
773 3821 910 3886 videtur:
938 3819 977 3886 τὰ
1003 3821 1177 3906 πολύμιτα
1199 3823 1325 3902 ἐκεῖνα,
1357 3824 1464 3886 varias
1490 3825 1559 3888 illas
1587 3825 1739 3910 picttuas,

195 3935 299 4012 inopte
318 3933 398 3994 inter
416 3951 453 3994 se
468 3933 651 4013 permixtas.

270 4044 309 4108 C.
338 4044 390 4108 31.
431 4048 468 4106 G.
498 4051 643 4122 Pompeio
678 4050 899 4110 Trimalchioni
926 4055 978 4111 vt.
1009 4056 1075 4111 uiro
1112 4052 1281 4125 Aapaatatt
1311 4054 1483 4140 Cinnamus
1516 4051 1736 4128 dispensator]

195 4160 220 4212 a
245 4163 278 4219 c.
291 4163 330 4218 Ν.
346 4162 492 4234 Pompeio
505 4163 726 4221 Trimalchioni
737 4166 847 4221 Serico
862 4160 918 4244 C.,
939 4162 1023 4244 quod
1043 4163 1262 4243 explicandum
1275 4172 1344 4225 erat
1364 4167 1439 4225 Caio
1452 4174 1561 4225 aoatro
1578 4145 1737 4243 (dominu)¹

78 4351 81 4356 Ι
192 4275 337 4346 Pompeio
357 4278 435 4353 eea,
456 4280 489 4334 ut
505 4287 580 4332 mox
594 4279 644 4333 cst
664 4275 702 4334 G.
722 4283 830 4334 noster
844 4276 937 4346 tbraa
957 4287 1081 4354 coenat,
1101 4276 1153 4339 ubi
1168 4275 1207 4339 C.
1226 4285 1386 4358 corrupte:
1406 4296 1478 4338 cam
1494 4287 1602 4338 aooter
1621 4277 1647 4350 fi
1664 4293 1690 4334 e.
1702 4307 1738 4320 -

190 4387 358 4459 procubuit
372 4394 445 4444 ante
460 4383 578 4461 perier]
600 4387 624 4438 a
636 4389 804 4460 procubuit
818 4393 862 4446 art
875 4393 971 4463 pedes
991 4386 1029 4450 C.
1059 4422 1098 4434 -
1123 4395 1369 4464 dirpeaaatorem
1393 4391 1596 4465 inprecatio
1616 4403 1734 4448 mereor

191 4495 427 4573 aaaaeraatem]
445 4497 615 4578 lugenlosa
641 4505 692 4560 cst
719 4499 826 4560 Oriolii
857 4499 1055 4562 coniectura:
1075 4508 1108 4562 ira
1132 4508 1317 4577 prouocatio
1338 4501 1436 4562 relata
1462 4497 1683 4562 aFtrrlanctto
1705 4500 1737 4560 in

191 4607 326 4673 Forocll.
355 4609 385 4670 in
415 4608 443 4670 la.
468 4627 500 4669 v.
540 4610 674 4695 lgnoro,
703 4627 743 4672 an
773 4629 842 4674 eam
875 4611 1002 4675 firmarit
1039 4614 1109 4677 loco
1138 4613 1293 4677 Varronis
1324 4610 1395 4674 itit.
1422 4610 1510 4692 1‚a.
1531 4611 1630 4692 prael.
1669 4617 1737 4672 Nec
