4224 5558
459 898 868 1005 LECTIONES
925 899 1456 1008 PETRONIANAE.

773 1285 1043 1363 CAPUT
1105 1286 1138 1362 I.

269 1495 390 1576 siquis
407 1495 487 1557 alius
501 1504 642 1558 veterum
663 1494 869 1578 scriptorum,
889 1502 921 1555 et
932 1494 1041 1556 miram
1058 1504 1091 1556 et
1109 1495 1257 1557 miseram
1277 1506 1395 1560 sortem
1416 1497 1558 1579 proiecto
1577 1511 1727 1581 expertus

193 1617 245 1670 est
262 1608 323 1688 ille,
343 1627 437 1690 quem
454 1610 491 1671 Τ.
510 1608 690 1672 Petronium
707 1607 876 1688 Arbitrum,
895 1608 1032 1689 equitem
1046 1607 1238 1693 Romanum,
1257 1620 1383 1672 vocant
1412 1611 1497 1674 Nam
1515 1623 1550 1674 ut
1564 1621 1727 1677 taceamus

193 1721 335 1806 iniurias,
370 1739 449 1803 quas
462 1722 632 1806 Satyricon
649 1721 717 1784 libri
736 1721 847 1784 saltem
865 1721 954 1786 XVI.
969 1719 998 1799 ¹)
1018 1722 1079 1782 iam
1097 1730 1169 1782 ante
1185 1721 1340 1784 decimum
1359 1734 1432 1804 post
1448 1725 1608 1789 Christum
1631 1745 1731 1792 secu-

192 1835 254 1897 lum
287 1836 433 1915 perpessi
473 1846 562 1917 sunt,
596 1853 666 1898 oum
697 1852 717 1897 a
742 1835 905 1898 monacbis
934 1833 1056 1896 obruto
1086 1835 1229 1920 lectitati,
1258 1835 1362 1898 furtim
1391 1836 1541 1919 descripti
1568 1840 1600 1901 in
1629 1841 1730 1903 truste
1769 1915 1775 1928 ,

193 1949 405 2012 lacerarentur
427 1959 520 2030 atque
544 1948 584 2011 ad
598 1949 749 2011 minorem
772 1966 898 2028 semper
914 1947 1044 2010 immam
1062 1947 1281 2031 redigerentur
1288 1949 1342 2033 ,²)
1372 1948 1474 2013 donec
1499 1953 1634 2013 maxime
1653 1955 1728 2016 inde

194 2063 233 2124 ab
253 2062 396 2124 Editione
416 2062 564 2126 Sambuoi
583 2062 655 2124 anni
678 2061 761 2126 1565
782 2083 800 2123 e
819 2061 980 2124 codicibus
999 2063 1120 2143 passim
1135 2063 1268 2142 repertis
1287 2073 1492 2148 augerentur,
1507 2065 1536 2143 ³)
1556 2082 1598 2126 ex
1618 2066 1731 2128 eodem

195 2187 335 2257 tempore
354 2195 456 2258 usque
478 2176 519 2239 ad
535 2177 748 2268 Antonianam·
762 2195 791 2238 a.
821 2174 920 2260 1781,
940 2175 1020 2238 adeo
1039 2174 1204 2238 libidinose
1222 2193 1262 2238 ao
1283 2187 1402 2239 temere
1423 2179 1612 2241 coniecturis
1631 2181 1731 2242 inter-

196 2301 318 2372 pretum
338 2292 444 2353 vexati
458 2299 546 2370 sunt,
576 2301 608 2352 ut
627 2291 655 2351 si
674 2291 727 2351 vel
742 2288 1015 2371 llewionlryanam
1033 2287 1150 2369 (1785)
1169 2291 1416 2354 annotationibus
1439 2292 1616 2355 destitutam
1639 2293 1732 2356 animi
1758 2331 1763 2340 ·

197 2423 295 2468 causa
315 2405 452 2487 legeris,
472 2404 606 2487 singuiis
628 2403 753 2484 paginis
772 2407 803 2464 in
830 2403 889 2465 alio
913 2404 1065 2483 scriptore
1088 2404 1246 2488 verseris,
1267 2422 1360 2486 quam
1380 2424 1474 2486 quem
1494 2407 1645 2486 praebent
1665 2407 1733 2468 libri
1829 2405 1834 2416 '

198 2521 315 2599 scripti.
355 2517 431 2581 lnde
450 2519 488 2582 ab
507 2518 643 2580 Antonio
666 2526 770 2580 autem
786 2516 839 2578 vel
852 2525 977 2598 propter
1000 2518 1099 2596 ipsam
1122 2518 1266 2580 lectionis
1283 2527 1370 2580 recte
1393 2519 1631 2581 constituendae
1647 2519 1732 2583 diffi-

199 2633 364 2715 cultatem,
383 2641 480 2694 ortam
505 2649 547 2694 ex
575 2630 847 2694 irmumerabilibus
866 2631 926 2692 iliis
948 2631 1154 2714 coniecturis,
1182 2632 1235 2692 vel
1257 2641 1383 2710 propter
1405 2633 1515 2694 nescio
1540 2633 1624 2712 quod
1641 2631 1734 2694 iasti-

199 2746 283 2808 dium
301 2764 358 2826 per
383 2745 442 2807 bos
462 2745 533 2807 LV.
553 2763 653 2807 annos
672 2744 840 2825 neglectus
856 2743 950 2806 iacuit
963 2744 1095 2823 scriptor
1113 2761 1243 2824 prorsus
1257 2745 1426 2824 singularis
1444 2753 1475 2806 et
1491 2754 1617 2825 propter
1629 2765 1735 2808 mores

199 2861 238 2921 ab
258 2880 298 2922 eo
321 2861 415 2922 multa
437 2877 508 2922 cum
531 2869 597 2921 arte
620 2876 795 2939 expressos
819 2868 850 2921 et
876 2867 1002 2938 propter
1025 2875 1219 2943 sermonem,
1250 2859 1545 2939 consultosemper
1574 2861 1736 2939 variatum,
1824 2911 1830 2920 .

166 3057 170 3066 1
201 2982 474 3054 quantumcunque
499 2971 694 3034 concedebat
716 2973 784 3033 eius
810 2981 899 3034 aetas
925 2971 1018 3034 modo
1039 2971 1322 3054 elegantissimum,
1355 2972 1447 3035 modo
1472 2972 1645 3056 plebeium,
1675 2992 1737 3054 quo

202 3087 327 3167 quidem
347 3087 377 3148 in
397 3103 521 3166 genere
538 3085 654 3148 unicus
674 3093 725 3146 est
745 3084 825 3146 inter
846 3084 977 3146 heduos
1000 3101 1120 3146 omnes.

279 3200 348 3261 illisi
373 3200 517 3262 voluntas
550 3198 696 3261 abhorret
725 3216 746 3259 a
775 3197 922 3259 Petronio
950 3197 1093 3282 edendo,
1124 3215 1195 3260 oum
1215 3200 1255 3260 ad
1281 3216 1361 3278 opus
1391 3206 1479 3261 recte
1515 3199 1739 3278 perficiendum
1847 3207 1851 3219 ·

203 3312 355 3391 adrepto
383 3311 527 3375 codicum
551 3313 603 3394 qui
634 3311 737 3374 adbuc
766 3321 936 3392 supersunt
963 3313 1098 3374 omnium
1129 3312 1317 3395 requiratur,
1351 3311 1412 3374 hoo
1445 3322 1548 3374 minen
1577 3323 1740 3392 praestare

158 3503 163 3510 ι
239 3543 269 3598 i)
289 3541 354 3592 God.
383 3543 588 3605 urrgurtenrn:
615 3542 743 3593 Petronii
768 3541 879 3593 Arbitri
904 3540 1003 3605 satyri
1020 3541 1193 3607 Fragmenta
1211 3553 1247 3592 eor
1265 3542 1337 3592 libro
1361 3540 1456 3606 quinto
1483 3541 1588 3592 decim
1615 3543 1643 3590 et
1660 3544 1740 3592 secto

291 3635 412 3696 damnem·
430 3635 464 3684 de
482 3635 577 3697 quibus
594 3636 711 3684 numeris
730 3637 850 3697 equidem
868 3635 977 3683 minime
995 3634 1096 3690 dubito.
1121 3629 1200 3697 Quod
1218 3635 1353 3698 Satyrum
1370 3637 1453 3684 vocat
1470 3635 1630 3695 scriptorem
1645 3635 1740 3695 iprum,

290 3729 317 3776 11
345 3728 413 3777 iecit
439 3739 473 3776 ex
498 3727 692 3777 consuetudine
710 3729 814 3777 mediae
832 3729 940 3777 aetatis.
977 3723 1033 3776 Gir.
1061 3727 1149 3775 Dante
1175 3723 1292 3788 loserno
1312 3724 1402 3777 doato
1429 3728 1453 3776 1.
1471 3723 1585 3776 L'cltro
1603 3721 1617 3774 ὲ
1637 3725 1741 3776 ornato

198 3835 200 3839 ·
291 3819 413 3871 satiro
431 3821 479 3870 cte
496 3819 583 3870 otene

241 3927 272 3984 Β)
292 3923 426 3976 Mirabilts
456 3930 500 3976 est
517 3937 667 3975 consensus
684 3925 881 3986 Excerptorum
904 3926 1125 3988 'l'ragutiensmm
1151 3929 1180 3974 et
1197 3927 1376 3975 tiernenslum
1408 3926 1435 3972 tn
1455 3923 1548 3975 Gellia
1573 3901 1743 3986 scriptorum.

294 4017 347 4083 Qui
364 4019 442 4066 buius
454 4019 575 4067 Petronii
592 4017 733 4081 plusquam
751 4018 881 4067 dimidiati
899 4013 1066 4090 ἀρχέτυπον
1084 4019 1272 4081 concinnavit,
1298 4016 1366 4066 iilud
1384 4019 1455 4066 inter
1472 4016 1695 4080 ellespontum,
1714 4020 1744 4064 ut

295 4113 421 4162 servaret
438 4111 517 4160 locos
534 4109 666 4172 poeticos.

243 4221 275 4275 11)
294 4216 500 4268 summalande
518 4217 703 4279 dignumst:
731 4217 893 4279 „integrum
920 4217 976 4266 ’1111
991 4217 1113 4266 Petronii
1131 4217 1235 4268 Arbitri
1252 4215 1462 4280 Fragmentum,
1489 4229 1523 4266 ex
1540 4216 1631 4278 aliquo
1650 4215 1744 4263 codiee

295 4311 470 4374 'l'ragurlensi
490 4309 592 4358 lionae
619 4311 784 4372 emoriptum
811 4321 871 4358 oum
888 4309 1024 4374 Apologia
1047 4313 1146 4361 Marini
1164 4309 1269 4360 statutt
1292 4313 1312 4360 1.
1331 4311 1365 4361 V.
1384 4311 1415 4359 l).
1435 4309 1642 4369 Auletelodami‚
1671 4308 1745 4368 typis

296 4405 405 4452 loannis
423 4402 507 4452 lilaea
526 4397 609 4450 tato.
629 4398 689 4466 ὅθ’,
716 4403 897 4466 admonitor,
926 4405 964 4452 lo.
982 4403 1104 4465 Luctus,
1133 4405 1161 4451 in
1187 4414 1221 4452 eo
1239 4403 1385 4466 diligenter
1403 4402 1565 4465 elaborarit,
1592 4402 1622 4447 ut
1638 4401 1745 4448 unicum
1817 4411 1823 4430 t

297 4493 425 4545 (indicem
451 4497 577 4558 integrae
604 4490 714 4544 coenae
743 4493 951 4545 Trimalchionis
977 4507 1037 4544 oum
1073 4495 1195 4546 omnibus
1227 4496 1302 4546 vitiis
1334 4495 1538 4544 accuratissime
1568 4493 1746 4556 exprimerem

295 4589 371 4637 euius
389 4588 499 4650 generis
516 4589 563 4638 vix
580 4585 639 4636 ulla
654 4587 725 4637 alius
742 4589 886 4652 scriptoris
902 4590 1007 4638 veteris
1025 4592 1114 4638 exstat
1140 4588 1223 4638 editio
1239 4591 1304 4638 ante
1321 4595 1418 4636 annum
1435 4583 1512 4635 illum
1540 4584 1627 4649 tatu,
1654 4597 1672 4634 a
1689 4595 1741 4644 qao

296 4681 467 4731 statuendum
484 4681 602 4734 arbitror
620 4681 735 4732 11111111
752 4681 943 4744 diplomaticae
961 4681 1073 4732 11111111.

1499 4780 1517 4842 1
